2864 5114
815 428 860 491 40

334 600 442 665 Theol.
463 623 493 686 p.
517 599 600 678 179),
623 607 654 661 et
676 597 805 662 clamori
826 597 1000 662 bestiarum
1029 599 1060 660 'l'
1076 595 1150 660 407.
1171 591 1278 680 Apoll.
1292 591 1346 659 Bb

337 710 364 787 1,
386 704 458 768 257.
511 701 685 768 Hirundini
717 702 802 789 quod
834 701 929 767 datm
954 699 1038 786 αὐδή
1060 723 1085 786 φ
1107 701 1188 784 411,
1222 697 1345 764 nnllam

268 838 274 854 ·
335 808 430 873 aliam
451 808 492 874 ob
514 830 642 872 causam
664 809 782 872 factum
804 829 872 872 esse
895 807 1048 891 arbitror,
1071 828 1168 894 quarn
1187 803 1276 892 quod
1290 813 1347 870 'ast

335 911 498 998 ὀρθρογόη
518 910 711 987 nautam,
733 933 827 977 sensu
850 911 997 998 praedita
1016 911 1166 998 humano:
1188 908 1345 996 cujusve·

335 1039 405 1081 cem
426 1018 563 1082 sermoni
583 1016 746 1081 hominurn
766 1038 831 1081 non
860 1014 1036 1081 absimilem
1067 1015 1168 1079 visam
1197 1035 1265 1078 esse
1292 1011 1345 1076 vel

335 1143 377 1184 ex
398 1119 513 1184 Aescln
535 1118 597 1204 Ag.
610 1120 693 1183 1020
715 1108 856 1206 apparet.
900 1119 1012 1206 Itaque
1034 1119 1129 1183 etiam
1151 1115 1263 1182 cicada
1279 1118 1345 1196 xta

336 1221 438 1306 αὐδήν
467 1222 518 1286 Sc.
540 1221 612 1286 396.
667 1225 780 1286 Cantas
814 1221 1075 1308 significationem
1103 1219 1255 1301 (Nitzscln
1282 1218 1344 1285 ll.

336 1350 367 1414 p.
389 1327 419 1408 2)
449 1322 532 1408 αὐδή
553 1329 612 1411 pe'r
641 1347 676 1390 sc
697 1348 760 1390 non
781 1325 879 1407 habet
905 1347 1008 1411 neque
1040 1334 1148 1390 tamen
1171 1347 1266 1391 verus
1300 1334 1347 1391 est

337 1439 448 1495 cantus
466 1430 529 1493 nisi
548 1428 727 1513 hominum,
749 1439 784 1494 ut
806 1431 861 1516 qui
883 1439 992 1499 cantus
1014 1429 1153 1515 dicatur,
1173 1431 1262 1516 prius
1284 1427 1347 1494 ad-

338 1534 396 1620 δὴν
418 1557 486 1599 esse
497 1514 634 1600 ⁴'necesse
652 1536 700 1600 sit
743 1535 856 1620 Neque
880 1535 915 1595 A
923 1534 997 1598 249.-
1009 1531 1184 1619 arldq',·etsi
1196 1533 1348 1599 decoctio

337 1643 480 1706 Nestoris
503 1639 633 1733 dicitur,
655 1639 742 1704 aliud
765 1647 812 1706 est
833 1638 893 1702 nisi
924 1637 1024 1703 oratic
1045 1637 1198 1729 humana,
1224 1639 1348 1727 perspi-

337 1769 397 1811 cua
416 1745 604 1811 hominibus.
646 1743 691 1808 At
712 1743 805 1828 φωνή
825 1747 873 1808 'est
892 1763 954 1808 oea
976 1752 1007 1806 et
1016 1746 1166 1808 laninam
1180 1755 1211 1808 et
1226 1746 1352 1810 berti&

270 1915 274 1927 ,
336 1871 402 1911 rura
425 1833 538 1912 taalmn
559 1852 627 1911 scat
649 1851 769 1910 ratione
791 1849 913 1910 lectita.-
943 1814 975 1930 οῗ
985 1845 1021 1909 δὲ
1036 1847 1135 1933 quoq
1163 1845 1277 1933 ψόφος
1304 1824 1375 1923 εἰς’

336 1952 418 2014 ἐστιν
439 1950 586 2036 ἐμψύχου
608 1949 705 2015 Arist
720 1949 760 2015 de
782 1952 875 2014 anim.
887 1950 965 2034 28:
986 1972 1082 2037 quarn
1103 1951 1145 2017 ob
1163 1974 1233 2016 rem
1251 1970 1349 2040 saepe
1372 1970 1384 1981 ’

336 2056 487 2121 tribuitur
507 2055 618 2119 bestiis
639 2053 727 2119 nulla
754 2050 969 2130 similitudinis
999 2076 1072 2118 curn
1100 2055 1238 2121 humana
1267 2058 1373 2126 vooe'

337 2159 465 2223 notione
486 2156 652 2242 adjuncta:
674 2181 692 2218 κ
713 2159 783 2223 239.
805 2181 829 2239 μ
851 2158 901 2223 86.
923 2158 996 2224 396.
1021 2182 1024 2189 ¹
1345 2245 1348 2250 ¹

410 2262 552 2326 Resectis
580 2284 632 2324 vv.
654 2261 794 2325 60-69
823 2265 963 2328 narratio
993 2263 1034 2327 de
1059 2263 1209 2328 Pandora
1237 2274 1349 2331 creata

334 2365 404 2448 jam
419 2365 538 2451 optime
558 2361 711 2450 procedit.
754 2365 882 2451 Jupiter
899 2365 1065 2431 iracundia
1078 2367 1292 2433 inflammatus
1309 2371 1351 2434 ri·

341 2467 395 2532 det
417 2467 567 2532 cavillans
588 2467 661 2552 (59).
704 2442 817 2554 lisque
840 2468 945 2533 differt
966 2470 1134 2535 ultionem:
1154 2472 1263 2536 statim
1276 2468 1351 2555 (ao-

339 2573 409 2632 τίκα
431 2572 484 2652 70)
501 2573 593 2657 jussu
614 2573 682 2659 ejus
703 2569 873 2657 (Κρονίδεω
895 2571 950 2635 διὰ
971 2572 1092 2654 βουλάς
1110 2575 1172 2654 71)·
1186 2574 1354 2644 Vulcanus

340 2675 523 2741 Pandoram
543 2677 643 2763 fingit.
697 2676 789 2757 Quae
811 2678 949 2764 primum
970 2677 1121 2763 formam,
1151 2679 1268 2763 vitam,
1296 2702 1353 2746 vo·

189 2854 193 2872 Ι
314 2780 410 2845 ‘cem
448 2783 582 2870 accipit,
619 2781 736 2847 deinde
770 2791 890 2848 vestem
930 2784 1011 2868 (72),
1050 2784 1167 2849 deinde
1204 2789 1352 2852 ornatum

340 2887 508 2970 (ta-75),
536 2897 603 2955 tum
634 2897 718 2981 artes
748 2888 807 2972 [77.
830 2890 896 2974 78),
929 2899 1125 2976 postremum
1152 2901 1353 2981 nomencut

341 2995 431 3080 quasi
452 3002 525 3058 ante
551 2993 658 3059 oculos
678 3002 801 3058 nostros
821 2995 949 3060 oriatur.
992 2994 1106 3081 Itaque
1126 2997 1284 3060 rationem
1297 2995 1352 3061 de

340 3098 524 3185 scriptionis·
540 3120 601 3162 non
623 3107 870 3185 perspexerunt,
898 3101 953 3186 qui
978 3098 1169 3165 notaverunt
1199 3123 1228 3162 v.
1250 3099 1294 3164 72
1315 3111 1353 3166 ut

343 3223 360 3267 e
386 3200 573 3287 Theogonia
601 3180 769 3272 invectum.
823 3193 878 3267 At
897 3203 1071 3290 ejiciendus
1103 3212 1151 3268 est
1182 3225 1211 3266 r.
1238 3203 1281 3268 76
1310 3209 1353 3287 (v.

343 3290 452 3370 utras.
474 3306 493 3371 1.
515 3306 535 3370 1.
558 3329 589 3393 p.
611 3307 695 3387 aar),

406 3411 480 3476 Non
501 3411 670 3476 formatam
697 3411 798 3475 solum
829 3434 850 3475 a
882 3411 1026 3478 Vulcano
1063 3434 1130 3476 esse
1160 3396 1354 3496 Pandoram,

343 3514 516 3580 sedetiam
538 3517 605 3580 vita
625 3537 767 3603 voceque
789 3514 938 3581 donatam
963 3540 1060 3604 quum
1083 3538 1125 3581 ex
1145 3516 1199 3581 illo
1220 3518 1356 3584 consilio

342 3620 531 3683 narrationis
553 3628 718 3706 appareat,
739 3630 807 3683 tum
829 3618 870 3684 ab
893 3628 1022 3685 auctore
1051 3640 1200 3684 versuum
1223 3620 1354 3686 60—69

342 3733 467 3809 aperte,
489 3724 583 3787 tacite
605 3706 639 3786 il
661 3721 848 3808 Theogonia
863 3722 1043 3810 judicatum
1065 3732 1119 3787 est.
1172 3723 1261 3808 Ergo
1289 3746 1356 3798 non

342 3827 524 3909 ferendum,
546 3826 631 3913 quod
653 3827 831 3895 Mercurius
852 3851 883 3890 v.
895 3827 936 3890 79
959 3824 1070 3910 φωνὴν
1092 3827 1121 3889 ei
1145 3824 1270 3891 dedisse
1291 3836 1356 3894 tra·

344 3932 445 3996 ditur:
473 3930 645 3996 absurdum
675 3942 857 4018 praeterea,
890 3933 1040 4019 quoniam
1062 3933 1153 4013 φωνή
1175 3939 1247 4016 post
1268 3932 1357 4017 ψεύ-

343 4034 402 4096 δεά
423 4034 457 4096 θ’
479 4030 643 4116 αἱμυλίους
664 4058 695 4106 aa
718 4033 830 4112 λόγους
869 4058 944 4106 sane
967 4034 1107 4099 omnium
1138 4035 1277 4099 maxime
1308 4047 1360 4102 est

343 4140 450 4206 otiosa.
495 4141 606 4225 Neque
628 4140 688 4203 hoc
709 4163 772 4204 uno
794 4142 872 4205 vitio
894 4140 1040 4205 laborant
1060 4161 1112 4203 vv.
1125 4139 1175 4203 79.
1184 4139 1235 4205 80.
1276 4141 1368 4223 Ver-1

345 4246 420 4310 bum
443 4243 579 4327 ὀνόμηνε
599 4265 692 4307 nemo
713 4266 776 4308 non
808 4245 848 4308 de
870 4244 1030 4308 Mercurio
1052 4240 1220 4327 intelliget,
1255 4265 1358 4330 quum
