2864 5114
594 443 630 507 ll

102 634 177 677 nem
188 613 345 679 Twesten.
356 614 375 677 l.
387 613 405 677 l.
415 635 446 700 p.
455 614 498 677 26
510 614 628 699 injurie
645 614 768 678 oensuit
780 636 847 678 esse
857 614 1033 695 molestam)
1046 637 1117 701 pro-

100 717 246 799 nunciat,
268 738 364 804 quam
385 717 544 803 praesenti
560 717 699 782 deorum
721 717 821 783 tutela
837 719 892 804 jus
916 716 1115 783 defendatur.

165 819 342 907 Propinqui
360 821 445 884 enim
461 843 587 908 semper
600 821 746 887 omnibus
762 822 925 887 hominum
938 822 1030 886 saetis
1043 830 1115 887 sunt

102 921 266 987 ἀθάνατοι
289 923 391 1008 Ζηνὸς
413 923 554 1008 φύλακος
567 925 751 1013 (252-55).
796 926 879 992 Cum
901 925 1043 1013 emphasi
1060 949 1113 1013 po

45 1070 52 1089 .
100 1029 195 1093 sittim
216 1052 247 1093 v.
269 1029 332 1094 249
354 1028 445 1108 ἐγγὺς
465 1033 527 1116 γὰρ
543 1032 580 1094 ἐν
594 1030 869 1117 οἷνθροίποισινοο
887 1030 1005 1096 deinde
1018 1029 1113 1094 dod-

78 1150 188 1193 ,ναιοι
210 1131 244 1196 in
265 1134 370 1219 primo
391 1154 423 1195 v.
445 1133 509 1199 253
531 1134 672 1222 explieat
695 1135 773 1200 illud
801 1134 892 1214 ἐγγύς
915 1145 956 1182 ὲ-
977 1132 1113 1198 adelve-

99 1256 146 1298 ιοι
173 1233 359 1320 φράζονται.
427 1234 510 1300 Cum
538 1260 568 1300 v.
597 1238 661 1302 249
683 1259 750 1325 sqq.
785 1237 827 1302 ad
856 1239 1044 1303 sententiam
1072 1239 1112 1304 of.
1195 1242 1198 1249 “

100 1339 204 1422 (ι485
249 1339 306 1422 87,
338 1360 432 1426 quem
464 1337 568 1405 locum
604 1341 764 1407 Hesiodus
792 1344 826 1406 in
854 1341 1113 1429 pungendis'vv.

19 1470 23 1477 ·
100 1442 222 1510 25455
243 1454 370 1510 secutus
392 1466 460 1510 esse
480 1447 617 1512 videtur.
641 1484 677 1495 —-
701 1447 809 1534 Atque
830 1449 900 1534 ipsa
920 1449 1013 1534 virgo
1027 1449 1111 1514 Diae

100 1558 148 1614 est
170 1549 231 1615 dea
251 1551 471 1636 potentissima
491 1551 569 1635 (iod
588 1574 661 1616 oum
683 1550 781 1636 κοδνή
805 1548 833 1612 τ’
854 1548 961 1635 αλδολη
982 1574 1014 1614 ιο
1039 1574 1112 1617 eon·

46 1639 52 1652 ⁸
94 1655 294 1742 jungendum
317 1660 385 1739 est),
408 1656 499 1742 eujus
518 1656 699 1743 imploratio
721 1656 882 1722 vindictae
904 1656 1111 1721 aJovenun-

83 1779 194 1846 ‚mam
214 1781 278 1824 non
301 1758 473 1832 exauditam
495 1757 681 1845 (too-462).
723 1761 836 1847 Itaque
856 1760 987 1851 lovem,
1015 1780 1109 1845 quem

98 1863 176 1930 nihil
197 1864 292 1950 fugit,
313 1886 418 1950 neque
439 1863 473 1927 id
494 1863 610 1949 fugiet,
642 1864 768 1951 qualem
785 1865 942 1951 justitiam
965 1862 1045 1928 haee
1067 1863 1109 1927 ei·
1212 1904 1218 1919 ι

68 1969 180 2033 .vitss
202 1977 353 2032 exerceat
376 1967 563 2050 (aet-69).
629 1995 633 2002 ·
906 1980 909 1984 ’

140 2071 245 2157 Hujus
265 2070 328 2137 looi
348 2069 518 2156 allegoriae
535 2074 640 2157 prima
651 2073 757 2159 speeie
773 2081 804 2136 et
815 2091 887 2136 oum
898 2093 950 2134 vv.
958 2069 1108 2134 222-24

96 2198 239 2264 pugnare
272 2183 305 2240 et
329 2176 414 2240 inter
440 2198 474 2240 se
504 2175 661 2242 dissidere
687 2176 845 2242 videntur.
905 2174 970 2241 Sed
1008 2198 1108 2262 prope

98 2283 204 2348 omnia
225 2281 311 2346 facili
333 2301 432 2367 opera
453 2281 671 2351 conciliantur,
715 2283 861 2368 Namque
882 2304 933 2344 vv.
949 2281 1108 2346 252-55.

97 2386 169 2451 259.
177 2385 220 2449 60
237 2383 327 2449 'illud
357 2407 421 2450 non
451 2387 709 2472 negant-lovem
739 2387 845 2451 omnia
873 2407 1021 2467 eernere,
1054 2385 1109 2471 qui

96 2497 162 2554 turm
184 2510 311 2576 quoque
333 2497 443 2553 semet
462 2490 547 2576 ipse,
582 2513 680 2576 quum
707 2490 844 2554 ministri
874 2497 1042 2553 antaeum
1063 2489 1108 2551 vi-

98 2591 221 2658 derunt
263 2592 315 2657 Ita
335 2593 369 2656 in
391 2591 539 2679 Odyssea
561 2598 598 2675 (μ
617 2594 694 2674 374)
718 2593 799 2675 Soli,
826 2591 863 2664 ὃς
884 2589 979 2654 πάντ’
1001 2591 1108 2678 ἐφορᾷ

97 2699 149 2758 κοιλ
169 2692 265 2758 πάντ’
286 2694 454 2771 ἐπακούει,
475 2705 582 2761 tamen
604 2720 624 2761 a
645 2698 812 2784 Lampetie
832 2696 967 2760 nuncius
988 2695 1031 2758 de
1051 2694 1107 2760 bu·

96 2798 158 2865 bus
186 2821 206 2863 a
232 2800 326 2864 sooiis
357 2798 463 2864 Ulixis
489 2800 635 2864 mactetis
663 2800 794 2864 efferum
817 2798 984 2883 (et‘Pind.
1012 2797 1105 2883 Pyth.
1238 2810 1240 2813 ’

95 2903 156 2987 ΙΧ,
176 2903 331 2979 43-49).
374 2902 483 2968 Etiam
513 2904 577 2970 duo
596 2905 659 2971 loei
680 2906 720 2970 de
742 2907 825 2970 Dies
854 2907 888 2969 in
918 2924 1106 2968 summare

94 3007 302 3073 consentiunt.
353 3006 561 3074 cucumam
588 3011 742 3093 nubibus,
774 3019 808 3074 ut
842 3009 896 3074 dii
920 3009 1036 3092 solent,
1063 3008 1109 3072 ab

93 3110 247 3199 adspectu
268 3109 431 3175 hominum
452 3123 575 3177 remota
595 3113 768 3178 interillos
790 3122 936 3178 versatm
958 3111 1048 3200 (223)
1073 3121 1105 3177 et
1132 3122 1134 3127 '

94 3217 121 3280 si
143 3217 215 3302 quis
235 3237 307 3280 eam
328 3215 461 3281 violavit
496 3215 575 3303 (224
606 3223 668 3280 otas
695 3239 752 3299 μιν
772 3216 944 3294 ἐξελάσωσι
970 3223 1025 3280 καὶ
1045 3215 1104 3280 οὐκ

92 3319 203 3382 idaiae
231 3317 377 3401 ἔνειμαν,
409 3320 472 3386 258
503 3320 624 3384 ὁπόταν
658 3324 702 3395 τίς
729 3343 784 3403 μιν
812 3320 937 3409 βλάπτῃ
971 3320 1104 3396 σκολιῶς

91 3419 274 3505 ἀνακτίζων),
297 3446 316 3487 a
336 3424 421 3489 Jove
441 3447 560 3511 poenas
581 3425 688 3490 delicti
709 3435 830 3491 exorat.
872 3424 947 3490 Duo
975 3425 1105 3512 quidem

93 3530 221 3605 interm
242 3538 386 3615 pugnant
406 3552 529 3618 versusq

155 3633 219 3697 222
241 3631 260 3717 ἢ
284 3631 316 3694 δ’
338 3635 473 3696 ἕπεται
494 3633 648 3697 κλαίουσα
670 3633 767 3698 πόλιν
788 3638 841 3696 καὶ
862 3633 949 3717 ἤθεα
962 3631 1060 3695 ’λαῶν

155 3737 218 3802 259
242 3724 386 3800 αὐτίκα
407 3735 537 3819 asdodii
547 3743 643 3823 πατρὶ
664 3736 912 3822 καθεζομένη
936 3739 1100 3823 Κρονίωνι.

91 3842 157 3910 Sed
183 3864 223 3907 ne
253 3842 288 3906 id
319 3841 448 3929 quidem
476 3865 612 3930 magnae
631 3844 803 3909 offensioni
839 3865 907 3907 esse
936 3851 1053 3929 potest,
1074 3845 1101 3906 si

90 3957 123 4013 et
144 3968 344 4012 communem
365 3956 510 4012 naturam
539 3946 761 4033 allegoriarum
795 3956 827 4011 et
845 3970 957 4011 verum
988 3947 1102 4012 utrius-

90 4073 152 4139 que
182 4071 293 4115 versus
325 4072 451 4116 sensum
490 4051 560 4117 loeo
593 4074 651 4116 suo
682 4053 880 4138 aptissimum
910 4050 1099 4138 perpendas·

16 4146 21 4155 ’
88 4154 197 4219 2222
220 4153 304 4219 enim
320 4154 470 4220 informat
480 4155 579 4220 Dices
593 4157 846 4242 persecutionem
861 4179 1022 4242 nunquam
1035 4180 1100 4221 oes-

88 4269 227 4341 santem,
250 4261 475 4326 convenienter
496 4261 603 4327 verbis
625 4262 770 4348 proxime
791 4262 985 4350 praegressis
1005 4260 1038 4334 ἒς
1050 4263 1103 4323 ut>
