2864 5114
758 486 799 549 10

270 672 333 716 non
366 652 467 718 solum
500 675 564 719 non
594 652 780 736 levioribus,
819 653 877 719 sed
907 654 959 719 vel
991 654 1105 721 iisdem
1133 657 1186 723 vel
1218 683 1288 744 gra

261 756 413 841 ,fioribus
443 756 692 823 dubitationibus
720 757 852 824 obnoxii
886 749 962 842 sint,
993 782 1057 824 non
1086 785 1205 849 paucos
1235 763 1288 829 ho·

268 862 370 926 mines
401 861 598 928 doctissimos
628 863 801 928 acerrimos
824 864 910 928 nacti
938 865 1001 931 sint
1026 877 1287 954 propugnatores,
1314 870 1317 877 '

268 962 428 1035 Nimirum
456 965 509 1030 hic
535 989 599 1031 non
627 967 841 1053 suppetebant
873 969 1075 1036 auctoritates
1104 974 1288 1039 criticorum

41 1090 44 1095 ·
268 1063 574 1151 Alexandrinorum,
604 1091 685 1154 quae
707 1069 906 1135 firmamento
928 1082 1031 1137 essent
1052 1075 1215 1140 sententiis
1233 1097 1288 1140 no·

267 1172 340 1235 stris
364 1177 496 1257 (paucas
516 1171 600 1237 illius
622 1174 752 1241 criticae
774 1172 924 1259 reliquias
947 1175 1075 1262 collegit
1098 1176 1286 1244 Schemann.

268 1275 302 1337 in
323 1273 445 1339 dissert.
467 1273 508 1338 de
528 1284 673 1340 veterum
694 1278 878 1359 criticorum
902 1279 986 1343 notis
1009 1279 1052 1344 ad
1064 1281 1142 1347 Hes.
1156 1282 1240 1368 Opp.
1256 1292 1287 1347 et

268 1376 344 1441 DD.
367 1378 540 1465 Gryphisv.
567 1379 658 1444 1855.
685 1401 715 1465 p.
740 1381 781 1444 10
801 1383 881 1466 sqq.)
909 1389 940 1445 et
961 1381 1126 1448 Plutarchi
1152 1389 1286 1452 auctori·
1312 1465 1315 1472 ⁴

268 1489 331 1564 tas,
354 1482 409 1568 qui
429 1481 555 1568 longius
577 1485 731 1569 processit
815 1507 948 1549 suumne
977 1507 1020 1550 an
1041 1487 1180 1555 alienum
1199 1491 1287 1578 judi-

207 1583 211 1595 *
270 1586 355 1651 cium
377 1595 587 1653 secutusnon
608 1587 770 1674 liquet-
792 1589 891 1655 multo
912 1591 1016 1655 minus
1037 1592 1130 1659 valet
1164 1596 1287 1661 Verum

269 1694 354 1756 enim
375 1715 452 1759 vero
474 1694 586 1757 critica
607 1695 756 1759 carminis
768 1692 923 1778 Hesiodei
938 1717 1003 1759 non
1016 1705 1065 1760 est
1078 1690 1286 1785 desperanda.

268 1797 392 1884 Nempe
412 1820 476 1864 non
497 1799 599 1863 omnis
620 1796 740 1884 pendet
762 1819 785 1864 e,
801 1796 944 1883 reliquiis
971 1800 1088 1865 criticis
1109 1800 1286 1868 Zenodoto

267 1923 339 1965 mm
361 1910 393 1966 et
413 1901 672 1968 Aristarchorum
696 1923 734 1966 ac
756 1897 902 1987 quamvis
922 1911 1009 1968 aetas
1030 1904 1085 1970 illa
1102 1929 1166 1972 non
1184 1907 1285 1973 solum

238 2042 244 2059 .
267 2007 463 2094 temporibus
485 2008 590 2095 poesis
606 2007 716 2093 opicae
732 2006 828 2071 fiterit
843 2008 974 2094 propior
987 2008 1045 2074 sed
1072 2012 1169 2076 etiam
1188 2009 1285 2077 omni-

267 2110 328 2175 bus
349 2110 542 2197 adjumentis
565 2110 728 2176 doctrinae
749 2108 947 2177 instructior:
974 2113 1112 2200 agedum
1134 2138 1285 2181 conemur

266 2215 370 2298 viam,
401 2236 496 2301 quam
520 2214 567 2279 illi
588 2216 787 2301 praeierunt,
816 2217 906 2302 sequi
932 2225 964 2280 et
985 2239 1066 2303 quae
1087 2219 1190 2285 moliti
1211 2228 1285 2284 sunt

267 2321 301 2383 in
319 2319 481 2403 Homero,
501 2321 535 2384 in
556 2319 700 2385 Hesiodo
723 2320 785 2408 ipsi
806 2319 990 2406 periclitari.

333 2422 399 2489 Sed
428 2433 598 2511 antequam
626 2423 766 2510 singulas
796 2433 903 2510 partes
930 2424 1074 2511 Operum
1096 2434 1127 2489 et
1148 2425 1285 2490 Dierum

267 2531 495 2618 perlustrantes
524 2553 696 2618 earumque
736 2540 920 2597 contextum
946 2541 990 2599 ¹et
1024 2533 1284 2618 compositionem

266 2637 494 2723 investigantes
514 2646 676 2702 certamen
697 2636 851 2702 adversus
871 2636 1112 2724 interpolatores
1134 2638 1284 2723 suscipia-

267 2763 337 2805 mus
358 2779 400 2789 -
421 2764 497 2806 nam
515 2763 619 2828 neque
641 2763 713 2806 cum
731 2740 859 2806 Rankio
879 2739 960 2803 mihi
981 2722 1028 2804 est
1049 2762 1113 2824 res,
1135 2738 1285 2805 Vollbeh-

266 2849 328 2929 ri0‚
350 2848 511 2932 Hagenio,
531 2849 610 2912 viris
633 2846 832 2929 doctissimis,
852 2868 956 2964 neque
975 2867 1053 2909 vero
1076 2866 1149 2910 cum
1171 2844 1282 2910 critico

268 2951 464 3034 acutissimo,
488 2950 631 3034 Lehrsio,
653 2951 711 3017 sed
734 2974 807 3017 cum
825 2951 874 3032 iis,
897 2951 953 3035 qui
975 2970 1103 3014 carmen
1124 2948 1284 3013 sincerum

61 3068 155 3143 ⁴4
262 3030 362 3141 ‘que
383 3062 551 3140 augustum
573 3055 657 3119 senis
678 3053 829 3119 Ascraei
840 3052 1066 3117 additamentis
1093 3049 1284 3115 foedissimis

266 3166 538 3244 turpaverunt-
562 3179 671 3223 omnes
693 3158 718 3221 ii
739 3179 863 3239 versus,
884 3178 962 3243 quos
983 3155 1108 3242 spurios
1121 3153 1284 3233 habemus,

267 3261 326 3327 sub
342 3278 411 3326 uno
433 3271 605 3380 conspectu
633 3261 790 3349 ponendi,
818 3262 853 3326 in
879 3282 999 3346 genera
1027 3255 1231 3325 describendi
1252 3262 1305 3320 et'

266 3367 457 3451 quantum'
447 3389 481 3431 m
508 3375 598 3431 tanta
625 3366 805 3452 argumenti
834 3365 1048 3454 discrepantia
1067 3363 1214 3428 fierit
1157 3384 1200 3449 po
1201 3361 1283 3442 terit,

268 3491 340 3534 cum
359 3469 655 3556 interpolationibus
677 3472 853 3535 carminum
868 3470 1113 3535 Homerieorum
1135 3463 1191 3553 (de
1209 3488 1284 3552 quo

268 3595 341 3637 rum
360 3573 532 3658 generibus
553 3597 583 3638 v.
604 3573 803 3660 praeclaram
824 3572 1071 3661 disputationem
1092 3569 1218 3634 Lehrsii
1241 3568 1281 3632 de

267 3677 364 3742 Arist
386 3678 468 3743 stud.
490 3678 584 3745 Hom.
606 3702 636 3767 p.
658 3679 821 3761 348-64)
844 3686 918 3744 sunt
938 3674 1154 3764 comparandi.

334 3782 414 3846 Tria
434 3783 686 3870 interpolationis
706 3806 826 3869 genera
854 3784 881 3847 si
903 3784 1080 3849 statrdmus:
1112 3777 1284 3866 rhapsodo-

141 3920 144 3927 ·
267 3908 347 3969 rum,
369 3885 647 3971 diasceuastarum,
667 3887 835 3954 lectorum:
856 3910 919 3952 non
941 3886 976 3951 id
998 3881 1226 3965 contendimus,
1249 3891 1284 3946 ut

23 4716 212 4835 'st

267 3987 482 4078 unusquisque
503 3991 591 4056 locus
613 3993 738 4074 spurius
759 3991 801 4056 ad
823 4014 923 4057 unum
944 3987 1073 4076 aliquod
1087 3986 1214 4050 illorum
1231 4007 1285 4071 ge·

267 4116 379 4158 uerum
400 4095 474 4158 sine
494 4093 559 4159 ulla
581 4095 824 4160 dubitatione
800 4103 840 4159 sit
827 4092 1056 4159 t.referendus
1088 4088 1154 4154 Sed
1176 4110 1284 4174 quam-

244 4204 363 4283 'quam
383 4197 471 4263 haud
491 4201 586 4286 pauci
609 4223 718 4267 versus
738 4208 824 4280 sunt,
852 4201 907 4284 qui
925 4198 980 4263 vel
1001 4221 1022 4262 a
1043 4192 1210 4280 rhapsodis
1233 4191 1283 4256 vel

41 4270 103 4427 ζ
82 4298 390 4581 ,ᾗ
244 4324 286 4366 »a
307 4298 514 4429 Metuens
536 4305 646 4370 inserti
668 4327 735 4370 esse
758 4305 893 4391 possint,
914 4313 1022 4369 tamen
1043 4298 1199 4388 imprimis
1221 4297 1283 4363 dis-
