2864 5114
557 387 602 471 '39

67 593 150 660 quae
172 570 213 638 de
233 572 377 639 sensibus
398 575 505 640 verbis
527 574 686 662 expressis
708 583 741 639 et
761 597 858 662 supra
870 574 1033 661 disputavi
1045 584 1079 638 et
1182 597 1184 599 ·

53 695 150 743 'nunc
172 677 317 763 disputo,
340 677 375 742 id
394 678 481 765 quod
503 679 642 766 quadam
657 674 802 766 exparte
822 679 988 745 confiteor:
1010 690 1080 744 sant
1185 676 1188 681 “

65 786 145 846 enim
166 787 212 848 ita
234 785 322 866 quest
352 785 434 848 leves
464 794 493 845 et
521 786 660 866 suspensi
688 786 794 846 meotis
826 786 1108 865 coyttottom'sqoe
1139 818 1143 826 ·

64 880 195 970 prodas,
222 891 344 968 atejus
375 889 506 968 oestipiu
531 891 738 950 1161161171616
765 889 817 969 qai
847 889 936 965 uelit,
970 887 1080 948 debeat
1126 891 1129 902 “

65 1010 104 1054 eo
121 993 217 1072 paulo
241 994 333 1055 altius
355 992 443 1054 dumo
464 993 655 1072 imprimam
676 990 751 1054 mea*
769 999 876 1055 autem
897 1011 938 1054 ne
952 1012 1011 1075 pro
1025 1012 1078 1054 va·

45 1094 105 1158 ‘tis
128 1093 253 1159 dedisse
275 1093 417 1178 vestigiis
446 1090 573 1176 videar,
602 1115 667 1158 non
696 1095 822 1159 metuo“
851 1093 963 1176 (verba
988 1093 1078 1159 Twe—

63 1198 150 1262 stinii
170 1196 190 1261 l.
211 1196 231 1261 1.
251 1220 283 1284 p.
305 1196 378 1275 38,).

129 1301 239 1388 Usque
261 1300 304 1366 ad
324 1323 354 1365 v.
368 1300 410 1366 59
434 1300 541 1365 omnia
559 1299 655 1387 plane
677 1309 855 1386 congruunt
877 1323 950 1366 cum
970 1324 1077 1367 narra-

62 1407 148 1471 tione
169 1405 391 1492 Theogoniae,
412 1413 448 1468 ut
462 1404 585 1491 *partim
606 1402 707 1468 verba
727 1403 835 1468 verbis
863 1404 1076 1491 respondeant

64 1509 118 1593 (48
147 1509 186 1574 ef.
209 1508 374 1593 11161,
400 1506 443 1572 so
466 1507 504 1571 ef.
527 1505 587 1571 rh.
609 1506 746 1590 16566,
778 1506 820 1571 52
850 1488 972 1572 arrh.
995 1509 1076 1593 5673

62 1613 107 1678 54
121 1611 235 1678 :Tu
263 1610 344 1696 5593
379 1609 420 1676 57
444 1610 485 1677 ci.
512 1608 572 1675 Th.
592 1610 692 1692 etot·
728 1610 789 1674 Vv.
812 1610 939 1674 60-69
969 1622 1077 1678 autem

61 1719 195 1784 immissi
227 1725 302 1783 sunt
330 1715 372 1782 ab
402 1714 627 1802 interpolatore
665 1715 719 1800 qui
748 1722 821 1779 ante
855 1717 1075 1782 executionem
1135 1761 1142 1778 .

36 1799 50 1812 ν
55 1823 139 1910 jussi
150 1819 353 1887 desiderabat
366 1786 471 1906 ipsud]
480 1819 605 1906 jussum
620 1809 689 1883 fuse
702 1820 891 1905 expositum.
918 1808 984 1885 'Ita
999 1843 1075 1885 sane

18 1952 37 1967 ⁷*
59 1927 207 1994 ferebant
233 1926 321 2012 leges
349 1923 538 1990 narrationis
567 1923 677 2009 spicae
698 1922 855 1989 uberioris
875 1944 978 2010 neque
1000 1946 1074 1990 eum

60 2054 183 2098 morem
204 2028 356 2095 inlliade
378 2036 433 2093 aut
447 2016 594 2113 Odyssea
607 2027 786 2112 neglectum
799 2027 986 2093 invenimus.
1028 2026 1074 2094 At

59 2135 189 2200 brevius
210 2132 362 2199 nanandi
383 2154 498 2218 genus,
531 2130 618 2218 quod
647 2141 679 2196 67
706 2134 740 2197 in
766 2131 953 2218 Theogonis
979 2142 1011 2197 et
1039 2135 1074 2199 in

59 2239 200 2302 carmine
222 2236 263 2301 de
275 2235 425 2302 Pandora
445 2243 502 2317 est,
522 2235 625 2300 missis
645 2235 833 2322 ambagibus
855 2236 991 2302 eandem
1003 2260 1073 2303 rem

59 2343 165 2408 semel
177 2350 302 2408 tantum
314 2340 420 2406 refert
464 2337 561 2422 Quod
575 2339 732 2453 intelliffies
750 2363 768 2405 e
783 2341 989 2428 Theogoniae
1001 2344 1071 2409 loco

57 2445 226 2535 parallelo,
247 2469 298 2511 vv.
321 2443 485 2526 871-84,
507 2443 564 2508 ubi
581 2445 706 2531 jussum
726 2468 790 2512 non
809 2448 992 2532 praecessit,
1013 2447 1071 2512 sed

57 2549 174 2620 eodem
192 2548 304 2633 modo,
333 2557 479 2635 atque-v.
500 2546 556 2629 71,
584 2546 760 2614 indicatum
788 2552 965 2639 est⁴verbis
987 2557 1071 2638 Κρο-

57 2654 151 2720 νίδεω
173 2653 229 2718 διὰ
250 2651 370 2736 βουλάς
392 2652 465 2719 572.
510 2653 558 2718 Of.
572 2661 738 2740 praeterea
760 2654 820 2719 Th.
829 2649 981 2720 469-72
996 2680 1068 2722 cum

55 2761 216 2828 474-76.
259 2760 379 2846 Hymn.
399 2756 511 2844 'Apoll
535 2757 691 2823 102-12,
719 2759 838 2846 Hymn
866 2760 939 2827 Oer.
961 2762 1069 2827 315-

55 2867 99 2933 24
120 2866 194 2949 (317
220 2865 263 2940 ὥς
284 2861 386 2948 ἔφαθ’
407 2862 494 2928 nulla
516 2864 658 2928 oratione
679 2872 768 2929 reeta
788 2868 1000 2955 praegressa).

118 2970 193 3035 Jam
216 2991 314 3055 quum
333 2966 413 3032 nihil
434 2965 603 3054 impediat,
625 2968 791 3053 quominus
814 2956 977 3057 ejiciamus
998 2971 1068 3038 illos

54 3095 183 3157 versus,
226 3072 344 3136 frustm
385 3075 489 3136 conati
518 3081 590 3136 sunt
619 3073 807 3158 interpretes
846 3075 1068 3141 executionem

48 3180 153 3267 jussui
187 3198 382 3263 exaequare,
419 3198 440 3241 a
469 3169 548 3263 quo‘
561 3198 625 3242 non
650 3154 760 3263 plaucis
787 3177 884 3242 rebus
907 3177 1074 3266 discrepat

54 3291 99 3364 (v.
122 3280 234 3346 Lehrs.
255 3280 276 3344 l.
296 3280 317 3366 1
339 3304 370 3367 p.
392 3280 477 3360 227).
534 3281 682 3367 Heyerus
711 3280 783 3368 (1.1.
804 3304 834 3369 p.
856 3273 1066 3360 23176676117
1157 3269 1160 3273 .

52 3386 283 3450 restitutionem
304 3404 458 3469 perquam
480 3382 659 3448 violentam.
712 3383 924 3470 Goettlingius
945 3388 1064 3472 gravis-

52 3489 165 3553 simam
187 3487 445 3574 repugnantiam,
475 3507 557 3572 quae
580 3495 628 3550 est
648 3487 731 3552 inter
752 3511 781 3551 1.
804 3489 844 3551 61
868 3497 901 3552 et
923 3490 980 3574 79,
1008 3490 1064 3558 761-

51 3591 118 3656 lere
140 3589 261 3656 studuit
281 3589 341 3655 hac
363 3590 623 3676 interpretatione
642 3591 743 3678 (cujus
754 3591 889 3656 similem
905 3594 975 3680 jam
986 3596 1062 3661 Pro-

51 3695 111 3762 cul
140 3696 376 3782 proposuerat):
408 3689 513 3776 „addd
544 3693 623 3758 nihil
651 3703 698 3759 617
725 3682 796 3759 nisi
816 3718 880 3761 vox
914 3696 1061 3782 humana,

50 3798 143 3884 paud
163 3798 241 3864 vero
264 3807 311 3862 est
332 3794 459 3861 suada.“
510 3797 610 3863 Recte
630 3797 722 3862 illud:
752 3820 888 3885 namque
910 3799 993 3884 αὐδή
1015 3814 1062 3869 667

49 3925 114 3968 oon
135 3914 165 3966 et
180 3924 285 3980 ,sermo
314 3904 460 3983 proprias
481 3902 632 3964 lominum
657 3899 857 3986 (ἀνθρώπων
882 3902 1062 3990 αὐδηέντων

23 4045 26 4069 ι
49 4005 67 4080 ζ
88 4007 162 4087 125)
185 4029 215 4070 1.
237 4008 266 4067 Σ
285 4005 349 4069 419
373 4003 425 4082 (cf.
449 4002 587 4081 Nitasch.
610 4005 688 4069 erkl.
714 4006 1059 4095 Anm.111p.2.110),

47 4110 210 4198 oppositus
236 4117 268 4174 et
289 4108 426 4172 sermoni
456 4105 589 4172 deorum
620 4108 779 4176 aeetae
807 4109 856 4192 (cf.
884 4110 990 4177 tamen
1019 4113 1058 4178 de

49 4214 160 4281 Circes
175 4221 214 4277 ct
235 4209 392 4296 Calypsus
414 4209 553 4296 epitheto
575 4209 735 4297 αὐδήεσσα
757 4214 1059 4302 ngelsbaeh.h0m.
