2864 5114
516 499 696 575 '75

169 678 290 745 oraculi
311 679 462 766 Delphici
483 687 519 745 ut
540 680 806 746 necessitudinem
828 704 901 746 cum
917 683 1006 768 poesi
1021 679 1183 745 Hesiodea

170 784 241 869 ipsa
262 782 358 848 baisse
376 783 558 870 judicemus
579 775 672 868 (quae
687 793 735 850 est
750 785 906 849 sententia
920 784 1088 870 Gottlingii
1102 783 1182 871 prol.

172 887 292 952 XXIX
313 892 371 974 sq.)
391 887 478 953 nulla
497 886 614 951 idonea
635 909 730 954 causa
752 897 812 954 est:
834 910 932 974 quum
954 888 1090 975 quodvis
1114 911 1181 952 car-

172 1013 246 1056 men
267 993 451 1076 gnomicum
472 989 555 1055 illius
576 990 704 1074 aetatis,
733 992 760 1056 si
784 991 870 1078 quod
891 1000 1082 1079 superesset,
1111 1014 1184 1057 ean·
1279 994 1305 1048 ¹.

172 1095 246 1159 dem
266 1093 534 1160 necessitudinem
555 1095 762 1182 probaturum
785 1105 875 1162 esset
915 1096 980 1162 Sed
1001 1096 1041 1162 de
1064 1096 1113 1160 his
1134 1119 1183 1161 re·

171 1197 232 1265 bus
241 1198 341 1265 fusim
353 1220 486 1285 agemus
496 1199 531 1263 in
547 1200 749 1286 paragrapho
770 1202 905 1287 septima
916 1200 1010 1288 hujus
1028 1222 1185 1266 common·
1326 1193 1329 1201 ⁴

171 1303 313 1385 tationis,
336 1301 392 1368 ubi
416 1302 511 1367 etiam
529 1301 573 1365 ad
593 1300 627 1364 id
648 1301 849 1369 redeundum
878 1305 966 1388 erit„
984 1304 1069 1403 quod
1098 1327 1182 1370 nunc

172 1408 374 1493 conjecturae
396 1406 465 1474 loco
487 1407 647 1494 ponimus:
670 1430 739 1473 esse
760 1431 790 1472 v.
805 1409 868 1474 285
891 1417 923 1473 et
935 1409 1040 1496 ipsum
1061 1416 1184 1473 senten-

171 1512 248 1577 tiam
269 1502 457 1596 promarum
485 1509 723 1577 collectionibus
754 1511 917 1597 malgatam
937 1521 1032 1598 atquc
1055 1511 1183 1602 epipha.

117 1646 121 1651 ·
171 1616 305 1680 nemetis
326 1615 398 1679 vice
419 1614 453 1679 in
474 1613 537 1678 fine
558 1615 681 1700 primae
706 1614 848 1701 Operum
873 1624 905 1679 st
925 1615 1061 1681 Dierum
1083 1618 1183 1703 partis

147 1718 365 1804 ‘fungentem
822 1749 826 1758 ’

236 1822 369 1909 Singula
388 1824 417 1887 si
437 1844 640 1909 percenseas,
666 1821 745 1887 nihil
763 1818 877 1891 ,in'vv.
897 1823 1046 1889 art-85
1069 1834 1116 1889 est
1138 1826 1182 1890 of·
1213 1819 1217 1831 ’

154 1926 315 1994 tensioni.
358 1927 467 1992 Unum
487 1935 611 1992 tantum
633 1928 746 1992 miror:
769 1926 810 1991 de
832 1936 990 1992 structura
1009 1951 1061 1993 vv.
1076 1929 1183 1995 275-

126 2077 127 2080 ,
173 2030 213 2095 79
236 2032 465 2117 interpretum,
497 2029 583 2116 quod
605 2035 720 2113 sciam,
753 2032 911 2096 neminem
932 2055 973 2096 ne
995 2032 1095 2098 verbo
1116 2035 1185 2119 quia
1296 2090 1303 2104 ,
1331 2027 1337 2044 ‘

173 2135 246 2200 dem
267 2136 435 2200 monuisse.
482 2133 543 2198 Est
570 2134 655 2197 enim
681 2133 742 2199 boc
773 2135 955 2221 exemplum
975 2135 1182 2202 luculentissi-

172 2261 259 2303 mum
280 2241 349 2325 ejus
367 2238 495 2324 generis
513 2233 754 2302 constructionis
775 2241 989 2324 paratacticae
1011 2239 1182 2328 prohypo-

172 2345 288 2408 tactica
317 2341 499 2425 adhibitae,
531 2342 624 2425 „dass
654 2342 729 2408 dem
748 2342 1031 2430 ‘Hauptgedanken
1050 2343 1119 2409 und
1141 2346 1182 2410 ei·

171 2447 352 2532 gentlichcn
382 2446 489 2512 Inhalt
523 2447 581 2512 der
611 2447 702 2514 Reda
731 2449 784 2513 ein
812 2448 1094 2524 beschranhendcr
1115 2448 1182 2515 und

171 2548 294 2614 iiberall
315 2573 376 2615 nur
398 2550 608 2615 sinleitender
630 2551 790 2617 Umstand
819 2551 920 2615 durch
944 2552 997 2617 die
1017 2553 1105 2618 Part
1124 2555 1184 2635 μέν

171 2652 410 2738 voraufgestsllt
441 2653 539 2736 wird,
568 2676 604 2719 so
636 2654 709 2719 dass
725 2655 820 2740 jener
848 2634 950 2719 durch
972 2656 1025 2719 cin
1045 2653 1084 2718 dt
1106 2655 1185 2721 oder

172 2754 258 2818 atta
298 2766 576 2844 entgegengesetzt
609 2782 675 2824 von
714 2759 788 2824 dem
824 2768 930 2824 ersten
963 2759 1080 2825 Gliede
1112 2763 1183 2827 eine
1212 2744 1215 2751 ¹
1314 2770 1318 2777 '

171 2859 332 2926 sohsrfere
364 2860 586 2949 Beleuchtung
619 2863 686 2929 und
717 2864 974 2950 Hervorhebung
1001 2866 1184 2952 smplltngt“

172 2964 284 3046 (verba
305 2965 479 3050 Classenii,
501 2969 556 3054 qui
580 2968 620 3033 de
643 2970 711 3056 ejus
732 2978 910 3034 structmae
929 2992 989 3035 mu
1010 2970 1183 3037 Homerico

173 3072 239 3157 egit
259 3071 294 3135 in
315 3095 516 3158 programm„
529 3096 672 3160 gymnas.
694 3073 840 3139 Francof.
864 3074 957 3140 1854
978 3097 1008 3163 p.
1031 3076 1051 3139 8
1073 3081 1139 3161 sq.).

233 3178 345 3264 Neque
367 3166 601 3265 praetereunda
618 3177 720 3243 verbe
738 3176 921 3256 γιγνώσκων
938 3201 967 3243 v.
979 3179 1041 3243 281
1057 3188 1090 3244 et
1102 3177 1184 3244 ἑκών

171 3302 200 3342 v.
223 3280 297 3344 282.
340 3280 484 3361 Quorum
511 3303 552 3346 ea
577 3280 614 3344 ni
631 3280 725 3346 fallor
745 3289 793 3346 est
814 3283 880 3363 vis,
912 3290 948 3349 ut
969 3283 1086 3368 injuria
1106 3283 1183 3349 Per·

171 3405 225 3447 sae
256 3382 490 3469 quodammodo
520 3405 562 3448 ex
593 3385 719 3449 inscitia
754 3394 917 3471 repetatur
953 3394 988 3450 et
1021 3387 1185 3466 Hesiodus

166 3487 236 3573 jam
258 3488 401 3573 ignoscat
423 3489 453 3552 ei
480 3490 644 3575 omnisque
664 3489 797 3554 fratrum
821 3488 981 3555 discordia
1009 3491 1099 3558 finita
1125 3494 1181 3558 sit:

169 3594 239 3676 βίης
264 3588 468 3677 δ’ἐπιλήθεο
494 3592 633 3674 πάμπαν
656 3593 769 3682 (275).
812 3592 866 3658 Ad
888 3593 971 3660 banc
998 3595 1184 3683 explicatio

169 3719 243 3760 nem
272 3698 374 3782 magis
401 3697 496 3762 ctiam
526 3697 626 3762 ducor
653 3699 776 3781 verbis,
807 3700 922 3785 quibus
954 3700 1087 3767 alteram
1114 3727 1181 3772 car-

169 3801 263 3865 minis
285 3810 408 3887 partem
431 3805 626 3889 auspicatur:
648 3805 700 3866 oot'
718 3801 748 3866 δ’
767 3803 828 3882 ἐγώ
850 3803 955 3868 ἐσθλὰ
977 3808 1078 3869 νοέων
1090 3807 1179 3892 ἐρέω,

167 3907 251 3986 μέγα
270 3906 362 3990 νήπιε
383 3910 500 3993 Πέρση.
542 3910 656 3973 Perses
689 3932 826 3996 aequum
855 3918 887 3973 et
915 3910 1034 3976 bonum
1055 3913 1181 3998 ignorat

168 4004 264 4093 (μέγα
285 4009 389 4092 νήπιε)
412 4023 549 4099 egetque
569 4016 756 4101 praeceptis.
800 4015 891 4080 Haec
914 4016 983 4102 jam
1004 4016 1112 4100 frater,
1133 4028 1180 4082 ut-

85 4202 94 4216 ,
130 4159 133 4163 -
167 4125 244 4200 pote
263 4111 369 4176 scota
392 4125 506 4193 νοέων,
537 4118 576 4183 de
599 4119 744 4185 omnibus
773 4120 859 4184 vitae
886 4121 1024 4186 rusticae
1045 4124 1180 4208 negotiis

167 4240 205 4283 ac
226 4219 513 4288 necessitudinibus
535 4233 582 4287 est
603 4222 742 4290 daturus
787 4223 897 4289 Verba
917 4228 968 4288 σοὶ
988 4224 1026 4288 δέ
1045 4225 1179 4303 hicnon

167 4346 295 4409 prorsus
319 4323 469 4409 eandem,
496 4350 591 4415 quam
613 4329 647 4393 in
677 4325 799 4416 reliquo
822 4329 976 4413 carmine,
1005 4331 1179 4418 emphasim
