2864 5114
799 413 841 477 68

319 585 420 649 aliave
444 584 615 666 calamitas,
641 583 697 674 scd
721 585 860 649 omnium
883 559 991 647 rerum
1013 579 1209 647 abundantia
1232 570 1328 665 Ι(230.

319 689 389 778 31);
413 711 507 775 quam
529 688 757 755 abundantiam
778 696 889 753 auctor
911 683 1060 750 carminis
1087 683 1230 770 georgici
1252 682 1327 746 huic

318 803 504 880 argumento
526 795 751 859 convenienter
772 815 830 879 per
847 802 915 857 tres
937 813 1047 855 versus
1071 787 1247 875 (ma-34)
1275 809 1329 851 ex-

319 898 425 985 ponit·
466 897 571 984 Atque
603 898 683 962 haec
709 898 794 963 bona
822 897 928 961 omnia
954 917 1027 960 cum
1058 895 1175 958 virtute
1200 902 1327 980 patrum

318 1001 390 1066 filiis
411 1002 587 1068 hereditate
608 1003 778 1068 traduntur
800 999 957 1088 (23536).
1000 998 1148 1085 Denique
1171 999 1261 1085 quasi
1275 1019 1328 1062 cu-

317 1105 420 1171 mulus
444 1106 598 1172 bonorum
619 1105 759 1187 accedit,
789 1104 875 1191 quod
903 1125 944 1167 ne
965 1103 1167 1189 navigatione
1183 1100 1328 1187 quidem

128 1166 129 1170 =
189 1220 191 1225 ’
318 1234 398 1299 opus
427 1221 475 1276 est
496 1209 651 1297 (23637).
702 1211 784 1274 Nam
807 1211 882 1274 satis
903 1207 973 1273 illos
999 1206 1055 1272 alit
1078 1214 1179 1271 terrai
1204 1204 1330 1291 καρπὸν

319 1314 354 1377 δὲ
380 1317 472 1400 φέρει
494 1311 637 1400 ζείδωρος
659 1313 801 1399 ἄρουραι
823 1334 905 1400 quae
928 1311 1028 1377 verba
1050 1333 1129 1376 cave
1152 1312 1250 1376 otiose
1279 1333 1329 1375 re-

318 1419 418 1505 petita
445 1426 538 1504 putes
560 1438 577 1480 e
606 1440 635 1481 v.
657 1416 735 1500 232,
757 1439 856 1502 quum
882 1417 1037 1480 rationem
1058 1413 1185 1480 illorum
1206 1412 1328 1477 ooo-

317 1523 490 1583 νείσσονναι
513 1521 701 1585 contineant
744 1519 873 1585 Etenim
892 1518 1050 1606 particula
1059 1517 1097 1581 δέ
1110 1517 1163 1582 bic
1169 1568 1178 1601 ,
1200 1527 1235 1584 ut
1256 1541 1328 1584 sex·

319 1625 419 1690 centis
448 1624 543 1706 locis,
565 1623 651 1688 valet
671 1621 742 1708 γάρ.
1134 1664 1138 1675 ,

381 1726 487 1814 Atque
518 1728 618 1792 omnis
640 1726 694 1790 illa
715 1725 875 1790 felicitatis
896 1724 1097 1791 adumbratio
1119 1724 1260 1815 continet
1281 1743 1328 1803 ea,

319 1853 400 1919 quae
416 1832 538 1895 animos
552 1829 771 1915 agricolarum,
794 1829 903 1916 quales
924 1839 1015 1894 erant
1030 1830 1144 1894 Perses
1165 1827 1328 1912 ceterique

318 1934 453 2000 Hesiodi
467 1933 638 2017 auditores,
659 1935 799 1997 maxime
817 1954 1017 1998 commovere
1032 1931 1208 1997 debebant:
1230 1949 1329 2015 quum

318 2039 352 2103 in
371 2060 422 2102 vv.
444 2038 592 2112 240-47
615 2059 655 2102 ne
676 2037 812 2103 verbum
834 2037 963 2125 quidem
985 2038 1167 2102 inveniatur
1199 2033 1239 2098 de
1268 2041 1329 2097 ste·
1355 2042 1359 2054 ’

318 2141 434 2206 rilitate
456 2162 604 2226 agrorum
624 2140 676 2204 vel
697 2143 821 2227 pecoris
842 2140 1071 2206 infecunditate
1100 2149 1131 2204 et
1152 2160 1233 2226 quae
1256 2144 1331 2202 sunt

319 2244 483 2335 ejusmodi.
525 2244 601 2309 Jam
613 2266 686 2308 cum
702 2266 755 2306 vv.
768 2244 851 2309 225·
876 2245 916 2309 37
929 2245 1064 2310 Homeri
1078 2243 1183 2309 locum
1204 2241 1328 2306 notissi-

318 2371 406 2414 mum
416 2347 587 2412 τ109-14
603 2347 772 2433 diligenter
787 2370 972 2435 comparare
986 2371 1101 2436 operae
1115 2347 1254 2436 pretium
1272 2353 1328 2410 est

240 2514 243 2529 ‚
318 2452 389 2518 Illic
410 2472 536 2538 quoque
555 2451 683 2517 fortuna
694 2452 831 2517 civitatis
848 2453 1074 2541 aprinoipibus
1085 2454 1180 2539 justis
1193 2450 1328 2516 admini-

320 2565 436 2621 stratae
449 2554 653 2642 praedicatur
663 2565 752 2623 tanta
768 2556 964 2642 singulorum
972 2578 1122 2628 versuum
1137 2579 1210 2621 cum
1219 2562 1328 2620 nostro

320 2644 459 2725 armas
482 2660 687 2725 semirame
710 2660 832 2743 (esaar
853 2682 879 2724 ο.
900 2683 920 2723 ι
935 2662 1013 2745 1143
1035 2661 1099 2726 aaa
1115 2683 1141 2726 ο.
1163 2659 1325 2740 anina

320 2765 383 2830 234
404 2785 431 2827 c.
452 2786 468 2826 ι
491 2763 583 2853 113),
603 2774 638 2830 ut
659 2764 746 2830 haud
767 2767 832 2831 scio
854 2789 895 2831 an
919 2765 1038 2831 fontem
1060 2764 1194 2830 Hesiodi
1214 2765 1249 2828 in
1261 2765 1328 2829 Ho-

319 2891 407 2936 mero
436 2891 608 2954 agnoscere
637 2870 817 2937 debeamsu.
876 2870 922 2936 At
952 2871 1114 2936 diversum
1152 2869 1326 2935 consilium.

318 2975 478 3040 Homerus
500 2975 584 3037 enim
604 2997 668 3039 non
690 2977 894 3058 rusticorum,
915 2975 973 3040 sed
993 2990 1105 3061 regum
1121 2983 1153 3038 et
1173 2972 1328 3041 nobilium

319 3100 428 3144 senatis
449 3078 601 3164 exprimit
629 3088 723 3166 atque
752 3087 788 3143 ut
808 3101 920 3166 paoem
943 3081 1045 3168 primo
1079 3079 1149 3144 loco
1178 3084 1328 3165 posuerat

320 3180 494 3263 Hesiodus,
516 3181 562 3244 sic
585 3180 724 3246 omnium
745 3183 884 3268 primurn
902 3182 1067 3268 praedicat
1087 3182 1237 3246 virtutem
1262 3179 1327 3245 bel·

306 3284 429 3348 licam:
467 3282 624 3369 ἅνδράσιν
649 3283 684 3348 ἐν
705 3284 850 3348 πολλοῖσι
878 3288 931 3347 καὶ
962 3286 1147 3370 ἰφθίμοισιν
1168 3282 1327 3347 ἀνάσσων.

321 3388 536 3470 Quamobrem
556 3389 648 3455 Plato
670 3388 722 3472 (do
743 3413 810 3476 rep.
831 3390 876 3457 H.
888 3414 917 3477 p.
935 3390 998 3456 363
1018 3391 1067 3474 Β.)
1087 3389 1176 3455 illum
1198 3387 1328 3475 quidem

284 3577 290 3588 „
321 3495 479 3558 immerito
499 3497 671 3580 vituperat:
693 3514 787 3579 quem
808 3493 902 3579 longe
924 3494 1068 3559 altiorem
1089 3495 1175 3557 vitae
1197 3491 1328 3558 felicita·

320 3607 386 3663 tem
414 3619 508 3684 qnam
536 3598 731 3685 voluptatem
767 3620 916 3665 sensuum
943 3600 1128 3684 cognovisse
1160 3619 1178 3661 e
1211 3597 1329 3662 divinis

321 3699 465 3765 versibus
488 3699 632 3764 109-11
657 3700 795 3785 eluceat,
818 3701 858 3766 de
880 3703 1022 3769 Hesiodo
1044 3704 1103 3767 etsi
1124 3723 1243 3783 severe,
1264 3723 1328 3766 non

321 3791 435 3888 injuste
457 3811 563 3867 tamen
577 3804 745 3890 judicavit
773 3804 882 3870 ·Oum
908 3808 1073 3893 utriusque
1104 3814 1218 3893 poetae
1250 3804 1329 3868 locis

321 3929 416 3994 porro
428 3905 619 3972 conferenda
629 3919 677 3972 est
691 3907 833 3995 ejusdem
846 3910 894 3974 rei
904 3912 1054 3976 mactatio
1068 3912 1100 3974 in
1107 3911 1227 3997 Hymn.
1234 3909 1329 3975 Hom.

321 4013 372 4096 30,
391 4010 509 4094 9-15,
531 4010 619 4076 locus
640 4023 789 4079 venustus
814 4002 995 4100 assuevit,
1017 4014 1074 4080 sed
1096 4015 1328 4101 ejus'naturae,
1388 4089 1392 4095 ‚

321 4117 374 4180 oui
395 4113 516 4179 nullum
537 4125 658 4180 certum
680 4118 844 4183 consilium
875 4121 1071 4206 propositum
1103 4119 1160 4200 εἰ),
1191 4115 1328 4203 denique

321 4243 338 4284 e
359 4218 555 4304 temporibus
577 4223 812 4286 contentionum
832 4224 968 4309 partium
1004 4224 1037 4286 in
1066 4220 1248 4284 civitatibus
1273 4219 1330 4285 So·
