2864 5114
742 408 783 472 62

129 654 131 663 ,
259 574 302 641 ad
320 599 474 642 summam
495 575 744 643 imbecillitatem
766 563 933 668 corporum
956 580 1117 667 delapsuri
1145 580 1268 644 recens-

260 702 322 767 que
345 684 410 746 nati
431 704 522 748 senes
552 683 614 745 sint
642 681 756 757 fumri:
790 693 855 748 tam
883 684 1021 771 pueriles
1054 685 1193 770 ineptiae
1227 683 1269 747 ab

259 784 401 850 Hesiodo
424 785 538 849 desua
564 784 663 871 ipsius
690 794 793 852 aetate
816 788 941 853 dicente
962 790 1103 855 effirtitae
1125 812 1193 854 esse
1216 811 1269 853 ne·
1338 873 1340 878 ³

260 899 385 976 queunt
428 890 569 955 Diversa
589 898 636 954 est
657 891 747 954 enim‘
764 914 875 957 eorum
896 895 993 977 ratio,
1016 917 1096 981 quae
1119 894 1160 959 de
1181 893 1269 959 fabu-

180 1046 183 1051 .
258 993 325 1058 losa
345 1002 448 1058 aetate
469 1001 621 1080 argentea
642 993 817 1080 protulerat
837 1019 889 1061 vv.
913 998 1041 1063 130.31.

323 1133 432 1220 Spurii
454 1133 550 1197 etiam
571 1140 645 1197 sunt
665 1156 716 1197 vv.
740 1135 888 1200 187-89
912 1127 1080 1218 (ofiLehr's‘.
1091 1133 1269 1222 116237).

221 1297 225 1305 ,
260 1236 357 1318 Quod
378 1236 521 1301 homines
543 1236 671 1322 quintae
693 1239 804 1303 aetatis
826 1249 899 1305 sunt
918 1240 1060 1319 σχέτλιοι,
1083 1238 1159 1321 οὐδὲ
1180 1242 1270 1301 θεῶν

260 1343 339 1406 ὄπιν
359 1340 484 1417 εἰδότες,
508 1341 568 1406 hoo
589 1343 664 1406 satis
685 1365 844 1430 superque
861 1343 964 1410 elucet
977 1350 1019 1410 ex
1033 1345 1270 1430 omnibusquae

261 1455 292 1511 et
314 1444 510 1533 praecedunt
531 1455 563 1509 et
583 1455 767 1531 sequuntur.
817 1447 988 1514 Praeterea
1016 1449 1093 1513 ὄπιν
1113 1447 1230 1522 ελδότες
1251 1471 1271 1511 a

260 1548 486 1614 consuetudine
510 1549 601 1636 epica
628 1548 801 1615 abhorrere
828 1551 964 1616 videtur.
1014 1553 1167 1639 Legimus
1195 1551 1272 1615 ὄπιν

260 1650 385 1732 ολλόγειν
407 1658 442 1715 Π
459 1654 531 1718 388.
553 1653 592 1718 Ο.
615 1662 653 1748 οἱ,
668 1654 709 1718 D.
731 1655 811 1737 251,
834 1653 1001 1719 αἰδεῖσθαι
1023 1678 1048 1741 φ
1071 1657 1129 1741 28,
1159 1657 1271 1742 τρομέ-

180 1800 184 1806 ·
259 1747 307 1821 ew
327 1778 347 1820 ν
369 1757 448 1839 215,
471 1754 585 1830 ὄπιδος
608 1754 681 1830 δέος
702 1759 720 1832 ξ
743 1758 801 1840 88,
827 1757 904 1821 ὄπιν
924 1757 1168 1843 πεφυλαγμένος
1189 1759 1271 1822 εἶναι

260 1863 298 1928 Ο.
321 1871 352 1927 et
373 1862 415 1926 D.
438 1861 516 1942 706,
539 1858 721 1923 α’ποδοῦναι
743 1861 802 1926 Tb
812 1862 885 1945 222,
908 1864 1004 1927 etiam
1025 1865 1174 1950 φρονέειν
1187 1865 1206 1940 ξ
1219 1865 1270 1948 82,

258 1990 415 2054 nmquam
454 1987 530 2030 vero
550 1962 694 2029 ἐἰδέναι
751 1965 853 2031 Porro
887 1966 989 2031 verba
1024 1965 1099 2031 οὐδὲ
1125 2004 1160 2015 -
1186 1965 1273 2030 δοῖεν

258 2070 408 2157 languide
430 2078 577 2157 repetunt
598 2070 786 2134 sententiam
814 2094 866 2136 vv.
890 2071 961 2136 185.
973 2071 1014 2136 86
1048 2079 1081 2134 et
1099 2067 1273 2152 χειροδίκαι

259 2175 346 2240 idem
368 2174 460 2256 dicit,
484 2173 570 2260 quod
592 2170 662 2256 δίκη
683 2171 719 2234 ἐν
739 2176 825 2258 χερσί
845 2198 875 2238 v.
901 2175 970 2239 192.
1013 2174 1098 2239 Illud
1119 2176 1272 2258 ἕτερος-

259 2276 420 2353 ἀλαπάξει
440 2299 516 2341 sane
537 2299 601 2341 non
623 2286 670 2341 est
690 2278 856 2364 proprium
876 2278 969 2364 hujus
991 2279 1103 2343 aetatis
1125 2300 1188 2342 non
1208 2278 1273 2343 bel·
1351 2342 1353 2351 <

259 2384 376 2465 licosae
398 2382 499 2466 magis
528 2379 631 2467 qualis
659 2388 691 2444 et
709 2381 803 2444 tertia
822 2380 926 2445 fuerat
954 2391 986 2445 et
1017 2390 1145 2467 quarta,
1177 2403 1274 2467 quam

261 2485 409 2551 illiberali
431 2492 579 2571 quaestus
600 2482 705 2548 studio
724 2482 860 2549 deditae.
904 2484 1011 2571 Ejeoit
1039 2507 1068 2547 v.
1092 2485 1154 2549 189
1177 2486 1296 2565 etiam¹

261 2591 426 2676 Hagenius
448 2588 478 2669 (l.
500 2587 519 2652 l.
541 2588 576 2653 H
597 2610 628 2675 p.
649 2590 756 2668 xxlv).

323 2731 398 2796 Jam
419 2730 566 2811 resectis,
588 2750 669 2814 quae
690 2727 732 2819 ab
753 2725 1033 2813 interpolatoribus
1055 2724 1196 2788 immissa
1209 2723 1274 2787 fue-

157 2853 159 2855 ’
261 2844 339 2918 rant,
362 2833 596 2920 elegantissima
615 2834 711 2898 totius
732 2831 795 2897 loci
817 2832 1003 2918 compositio
1026 2837 1167 2917 apparet
1212 2832 1272 2891 Vv.

262 2940 324 3004 176
333 2939 410 3002 ω78
426 2937 593 3004 ordiuntur
608 2936 649 3002 ab
662 2959 709 3019 ec,
735 2937 790 3022 qui
803 2937 916 3000 aetatis
928 2942 975 3000 est
986 2937 1140 3016 proprius,
1162 2930 1273 2996 labore

260 3065 422 3130 nunquam
444 3028 605 3123 cessante,
635 3062 696 3128 quo
722 3041 843 3104 aversis
872 3039 933 3104 diis
965 3038 1109 3104 homines
1130 3035 1200 3100 dies
1220 3058 1275 3100 no-

261 3156 389 3233 ctesque
411 3153 607 3210 consumunt.
662 3142 832 3208 Accedunt
861 3141 924 3206 alia
950 3141 1049 3206 mala:
1077 3163 1141 3205 non
1172 3139 1274 3205 solum

262 3251 391 3314 evanuit
416 3250 518 3336 pietas
555 3232 661 3334 prisca
689 3242 768 3332 (182
779 3285 796 3292 --
812 3246 885 3328 84),
924 3243 981 3308 sed
1012 3246 1108 3309 etiam
1136 3243 1275 3307 nefanda

261 3354 407 3440 impietas
428 3360 541 3416 exorta
563 3359 611 3414 est
629 3348 715 3433 (185.
723 3350 797 3431 86),
825 3371 889 3413 non
916 3356 1039 3412 tantum
1060 3346 1181 3411 interiit
1203 3346 1276 3411 reli-

261 3459 314 3544 gio
331 3455 541 3543 jurisjurandi
571 3463 604 3518 et
622 3454 729 3540 legum
758 3463 789 3519 et
815 3453 941 3518 virtutis
957 3450 1125 3538 Ι(19991),
1155 3449 1212 3516 sed
1240 3453 1276 3516 in

261 3562 386 3628 bonore·
402 3567 450 3623 est
470 3560 626 3646 pravitas,
653 3559 717 3640 vis,
745 3558 922 3646 perjurium
945 3555 1127 3640 pel-94).
1181 3555 1274 3620 Haec
1303 3620 1307 3625 ,

262 3666 369 3731 omnia
408 3661 495 3726 mala
534 3661 846 3750 comprehenduntur
892 3658 1089 3746 gravissimis
1128 3657 1275 3723 versibus

263 3768 334 3833 195.
343 3767 394 3832 96.

326 3904 366 3969 V.
389 3904 450 3968 199
472 3900 540 3965 sinc
560 3897 625 3964 ulla
659 3899 855 3966 dubitatione
885 3922 958 3965 cum
986 3899 1149 3982 Bentleio,
1184 3899 1276 3965 Gott-

261 4009 376 4095 lingio,
399 4002 584 4072 Vollbehrio
604 4002 774 4089 legendum
796 4013 844 4068 est
864 4005 930 4067 ἴτον
951 4025 1011 4091 pro
1033 4002 1180 4068 codicum
1199 4006 1276 4068 scri-

250 4122 356 4211 ptura
377 4113 444 4194 ἵιην
466 4107 597 4173 defensa
629 4108 803 4200 aLehrsio
838 4107 871 4195 (l.
892 4109 912 4173 l.
933 4132 964 4194 p.
987 4107 1074 4196 232).
1132 4108 1276 4195 Tempus

262 4212 403 4284 laturum
424 4214 538 4294 sensui,
560 4211 685 4298 qualem
699 4215 951 4302 explanavimus,
972 4235 1070 4280 unum
1090 4222 1199 4299 aptum
1219 4224 1276 4298 est,
