2864 5114
421 427 671 530 ’,43

145 639 212 700 rus,
240 618 296 704 qui
318 617 346 702 (l.
367 617 387 682 l.
408 641 439 705 p.
461 616 513 702 22)
541 618 631 683 illum
658 618 752 707 δοίρφ
779 619 913 686 deorum
933 619 1070 684 indicari
1090 619 1158 683 exi·

145 722 299 787 atimavit:
320 744 395 787 nam
418 721 537 786 donum
557 724 804 811 uniuscujusque
826 723 880 788 dei
902 731 949 799 eat
969 721 1065 806 illud,
1094 743 1174 807 quo.
1295 727 1297 735 '

145 825 327 914 Pandoram
357 827 533 892 exornavit
587 827 627 892 In
659 849 696 894 eo
727 828 880 915 denique,
911 825 997 914 quod
1024 825 1158 890 muliere
1234 910 1239 917 Ι

145 938 390 996 commemorata
416 952 447 994 v.
473 930 517 995 94
549 930 718 998 Pandorae
752 955 868 999 nomen
900 954 964 997 non
993 931 1159 1018 repetitur,
1274 964 1279 969 ·

147 1034 225 1121 quid
246 1036 287 1099 ait
308 1034 491 1100 offensionis
510 1035 627 1100 nescio.
789 1094 792 1108 ,
1100 1036 1102 1039 ’
1280 1111 1282 1117 y

158 1142 162 1149 '
212 1138 252 1203 V.
275 1139 316 1202 99
339 1138 459 1225 ejectio
481 1144 529 1203 'est
549 1160 569 1203 a
589 1136 754 1204 Brrme'kio
777 1146 810 1203 et
828 1136 1033 1224 Goettlingio,
1054 1138 1161 1204 defen·

148 1263 201 1307 sus
229 1264 250 1307 a
278 1241 412 1307 Lehreio
442 1241 571 1329 (quaeat
600 1267 651 1332 ep.
679 1266 710 1331 p.
737 1243 820 1328 229).
878 1242 1060 1309 ὃεῶεοίὶοε
1091 1244 1161 1330 ejua

111 1408 114 1411 .
149 1347 268 1434 optime
288 1345 506 1436 patrocinatur
527 1346 768 1435 Moschopulua:
790 1345 896 1411 πόθεν
918 1347 979 1433 γὰρ
1002 1346 1158 1411 δείκνυται

148 1450 313 1536 ἠμίνοίγκη
335 1449 429 1535 αὕτη,
463 1449 511 1517 δτι
537 1432 695 1536 ῇύέίησεκ
723 1449 742 1535 ἦ
764 1449 931 1534 Πανδώρα
964 1449 1057 1514 καὶδ
1080 1451 1161 1525 Ζεύς

149 1553 230 1619 οὕτω
252 1553 475 1639 κακοποιῇσειν
495 1553 567 1630 τούς
587 1552 800 1639 ἀνθρώπους,
824 1553 867 1628 ὥς
886 1553 965 1639 μηδὲ
987 1557 1073 1635 ἴχνος
1092 1579 1159 1620 πα-

148 1661 314 1753 ραρρυθίας
344 1657 453 1732 αύκοῖς
480 1659 604 1738 δύσειν)
635 1657 700 1724 Sed
724 1659 828 1723 'otiosa
851 1657 912 1723 hoc
933 1658 1004 1724 loco
1025 1678 1093 1724 ease
1114 1662 1161 1725 vi·

149 1758 262 1827 fleatur
283 1763 443 1828 acervatio
465 1763 693 1850 epithetorum‚
721 1761 813 1828 solita
842 1762 877 1825 in
896 1762 1097 1828 invocatione
1120 1769 1162 1847 (B

148 1867 221 1931 412.
243 1868 274 1929 Γ
289 1867 362 1931 276.
394 1865 428 1935 Ξ
446 1867 518 1930 194.
547 1871 585 1928 Π
602 1867 674 1931 233.
699 1895 712 1928 ι
733 1866 806 1931 528.
835 1864 874 1929 cl.
901 1868 937 1928 A
954 1866 1106 1952 37-39)
1120 1874 1162 1932 ἐί

148 1969 297 2035 laudibus
330 1969 369 2055 (v.
392 1969 527 2034 exordia
548 1969 740 2056 hymnorum
760 1969 1005 2034 Homericorum
1027 1991 1053 2033 e.
1075 1993 1118 2058 g„
1129 1970 1158 2056 7)

153 2072 296 2139 (leonem.
326 2072 372 2138 At
395 2073 589 2138 etiamalibi
611 2095 837 2160 nonnunquam
848 2073 1082 2159 conjunguntur
1098 2072 1162 2140 duo
1192 2114 1196 2119 -

152 2175 312 2264 epitheta,
344 2177 434 2264 cujus
462 2179 589 2263 generis
615 2175 764 2264 exempla
793 2178 966 2242 Homerica
997 2178 1162 2245 notissima

151 2293 224 2367 sunt
244 2283 343 2349 hirec:
366 2281 448 2357 Ζεύς
462 2280 643 2364 Ὀλύμπιος
663 2279 871 2366 δσοεροπῇιης
892 2284 934 2344 Μ
952 2281 1025 2366 275,
1046 2285 1082 2345 A
1087 2282 1161 2362 580,

149 2390 270 2469 βοῶπις
289 2386 404 2452 πύονια
421 2385 507 2472 Ἥρη
527 2390 563 2450 A
582 2386 655 2470 568,
678 2384 825 2473 exempla
847 2385 1025 2451 Hesiodea:
1047 2389 1164 2471 Κρονί-

151 2491 207 2577 δης
234 2488 388 2579 ύψίζυμος
409 2491 521 2576 αἰθέρι
543 2493 644 2555 ναίων
666 2489 705 2556 O.
727 2498 760 2557 et
779 2491 822 2555 D.
846 2492 902 2573 18,
934 2490 1088 2577 Κρονίδης
1110 2490 1163 2556 εδ-

151 2595 257 2681 ρύοπα
279 2595 361 2670 Ζεύς
383 2596 421 2662 Ο.
444 2604 476 2660 et
495 2595 538 2659 D.
553 2594 627 2677 239,
644 2591 826 2676 Ὀλύμπιον
845 2593 988 2680 εὐρύοπα
1010 2593 1087 2681 Ζῇύ
1101 2596 1163 2662 Th.

150 2702 228 2785 884,
259 2700 363 2786 Ζηνὸς
378 2697 553 2781 Ὀλυμπίου
582 2695 795 2784 ὑψιμέδοντος
816 2697 876 2762 Th.
898 2698 970 2763 529.
1013 2699 1163 2787 Denique

154 2804 389 2872 observandum
410 2812 458 2868 est
477 2802 629 2867 formulas
650 2801 725 2866 huic
746 2803 854 2866 versui
875 2791 992 2868 similes
1003 2826 1098 2891 saepe
1116 2806 1163 2870 ita

149 2912 268 2998 positae
289 2931 371 2992 ease,
392 2916 428 2972 ut
449 2928 604 2994 perquam
624 2905 774 2988 languere
795 2905 967 2998 videantur
987 2907 1093 2992 nobis,
1114 2917 1162 2974 ut·

150 3023 224 3103 pote
246 3013 301 3103 qpi
322 3008 436 3099 parum
458 3010 690 3119 expendampa,
718 3019 836 3096 quanta
866 3010 1021 3097 religione
1043 3011 1161 3078 Graeci

150 3121 184 3182 in
204 3116 368 3182 hominum
389 3114 481 3179 sactis
502 3135 612 3179 curam
634 3113 861 3201 consiliumque
882 3114 1015 3179 deorum
1028 3137 1163 3200 agnove-

150 3225 215 3288 rint
236 3230 268 3286 et
289 3220 420 3285 reveriti
440 3220 502 3283 sint
525 3218 627 3304 (Pind.
647 3218 741 3305 Pyth.
762 3219 788 3302 Ι,
812 3219 874 3306 41).
903 3219 952 3286 cf.
974 3221 1002 3281 9
1024 3220 1066 3284 82
1086 3222 1163 3295 Διὸς

151 3323 290 3409 μεγάλου
313 3322 368 3386 διὰ
390 3320 510 3403 βουλοὲς
532 3323 636 3410 (ejecit
657 3323 796 3388 Nitzach.
818 3323 838 3388 l.
859 3322 879 3388 l.
899 3324 942 3388 Π.
963 3347 993 3411 p.
1007 3324 1088 3410 178),
1110 3348 1160 3391 ea·

155 3431 229 3496 dem
249 3428 351 3494 verba
373 3427 434 3492 Th.
454 3427 528 3511 465,
549 3427 601 3493 Sc.
622 3428 686 3493 318
708 3432 788 3514 Ζηνὶ
807 3425 1016 3514 βαρυκυύπφ,
1047 3424 1087 3491 ού
1108 3428 1163 3492 διδ

150 3532 271 3615 βουλδς
285 3531 456 3616 Ἥφαιστος
483 3534 594 3616 ποίησε
616 3531 720 3619 (quem
740 3532 845 3597 locum
866 3535 1008 3620 spurium
1030 3552 1099 3599 eoae
1114 3535 1165 3622 ju·

135 3638 274 3703 ‘dicavit
294 3634 524 3721 Bernhardyua
545 3658 593 3721 gr.
614 3635 807 3702 Lit-Gesch.
817 3636 861 3700 11.
882 3660 913 3724 p.
926 3637 1008 3724 195),
1030 3636 1090 3702 Th.
1101 3639 1164 3703 318

151 3741 302 3833 βουλῇσιν
325 3739 507 3825 Ἀθηναίης
535 3736 692 3825 ἀγελείης,
722 3741 786 3813 730
813 3738 944 3830 βουλῇσι
973 3739 1050 3814 Διδς
1069 3761 1164 3825 νεφε-

153 3847 335 3933 ληγερέταο,
360 3847 479 3932 Hymn.
505 3843 609 3932 Apoll.
632 3845 674 3910 99
691 3843 792 3930 Ἥρης
813 3841 1023 3934 φραδμοσύνῇ
1046 3843 1163 3917 λευκοσ-

153 3952 260 4026 λένου,
290 3952 409 4036 Hymn.
432 3948 530 4013 Mero.
551 3949 616 4013 413
633 3946 758 4032 Ἑρμέω
780 3947 912 4039 βουλῇσι
933 3947 1160 4035 κλεψίφρονος,

152 4057 271 4142 Hymn.
293 4054 373 4117 Ven.
396 4053 460 4117 214
482 4051 586 4138 Ζηνδς
605 4052 831 4141 ἐφημοσύνῃσι.

193 4149 371 4243 'Absoluta
391 4154 573 4225 nirratione
595 4158 636 4223 ‹le
659 4158 838 4225 calamitate
862 4160 981 4224 furtum
1012 4157 1095 4243 ignia
1118 4177 1163 4220 ae—

152 4275 225 4331 cuta
248 4288 276 4328 v.
290 4263 352 4328 105
373 4262 457 4330 redit
478 4265 520 4330 ad
541 4266 643 4354 ipsam
664 4265 852 4330 sententiam
879 4287 930 4327 vv.
945 4263 997 4327 47.
1010 4261 1062 4345 48,
1085 4282 1164 4348 quos
