<?xml version="1.0" encoding="UTF-8"?>
<!DOCTYPE html PUBLIC "-//W3C//DTD XHTML 1.0 Transitional//EN"
    "http://www.w3.org/TR/xhtml1/DTD/xhtml1-transitional.dtd">
<html xmlns="http://www.w3.org/1999/xhtml" xml:lang="en" lang="en">
 <head>
  <title>
</title>
<meta http-equiv="Content-Type" content="text/html;charset=utf-8" />
  <meta name='ocr-system' content='tesseract 3.04.00' />
  <meta name='ocr-capabilities' content='ocr_page ocr_carea ocr_par ocr_line ocrx_word'/>
</head>
<body>
  <div class='ocr_page' id='page_1' title='image "./deoperumetdieru00steigoog_0018.png"; bbox 0 0 2864 5114; ppageno 0'>
   <div class='ocr_carea' id='block_1_1' title="bbox 10 1532 1246 4373">
    <p class='ocr_par' dir='ltr' id='par_1_1' title="bbox 65 1532 1080 1686">
     <span class='ocr_line' id='line_1_1' title="bbox 65 1532 1080 1686; baseline 0.003 -30"><span class='ocrx_word' id='word_1_1' title='bbox 65 1532 140 1668; x_wconf 82' lang='lat' dir='ltr'>De</span> <span class='ocrx_word' id='word_1_2' title='bbox 163 1590 307 1678; x_wconf 91' lang='lat' dir='ltr'>Operum</span> <span class='ocrx_word' id='word_1_3' title='bbox 329 1601 361 1656; x_wconf 87' lang='lat' dir='ltr'>et</span> <span class='ocrx_word' id='word_1_4' title='bbox 377 1591 513 1656; x_wconf 90' lang='lat' dir='ltr'>Dierum</span> <span class='ocrx_word' id='word_1_5' title='bbox 535 1589 670 1659; x_wconf 79' lang='lat' dir='ltr'>Hesiodi</span> <span class='ocrx_word' id='word_1_6' title='bbox 691 1584 918 1678; x_wconf 62' lang='lat' dir='ltr'>compositione</span> <span class='ocrx_word' id='word_1_7' title='bbox 934 1593 1080 1686; x_wconf 85' lang='lat' dir='ltr'>pristina-</span> 
     </span>
    </p>

    <p class='ocr_par' dir='ltr' id='par_1_2' title="bbox 15 1684 1184 2409">
     <span class='ocr_line' id='line_1_2' title="bbox 15 1684 1145 1783; baseline -0.002 -21"><span class='ocrx_word' id='word_1_8' title='bbox 15 1684 21 1699; x_wconf 67' lang='grc'><em>’</em></span> <span class='ocrx_word' id='word_1_9' title='bbox 66 1719 128 1782; x_wconf 92' lang='lat' dir='ltr'>que</span> <span class='ocrx_word' id='word_1_10' title='bbox 143 1696 285 1763; x_wconf 80' lang='lat' dir='ltr'>formosi</span> <span class='ocrx_word' id='word_1_11' title='bbox 305 1705 377 1783; x_wconf 89' lang='lat' dir='ltr'>post</span> <span class='ocrx_word' id='word_1_12' title='bbox 398 1705 446 1762; x_wconf 85' lang='lat' dir='ltr'>tot</span> <span class='ocrx_word' id='word_1_13' title='bbox 465 1696 586 1783; x_wconf 89' lang='lat' dir='ltr'>scripta</span> <span class='ocrx_word' id='word_1_14' title='bbox 607 1697 750 1763; x_wconf 80' lang='lat' dir='ltr'>virorum</span> <span class='ocrx_word' id='word_1_15' title='bbox 772 1695 1025 1775; x_wconf 74' lang='lat' dir='ltr'>doctissimorum</span> <span class='ocrx_word' id='word_1_16' title='bbox 1046 1701 1079 1762; x_wconf 92' lang='lat' dir='ltr'>in</span> <span class='ocrx_word' id='word_1_17' title='bbox 1142 1756 1145 1760; x_wconf 16' lang='grc' dir='ltr'><em>Α</em></span> 
     </span>
     <span class='ocr_line' id='line_1_3' title="bbox 64 1797 1079 1885; baseline 0.001 -22"><span class='ocrx_word' id='word_1_18' title='bbox 64 1797 168 1864; x_wconf 90' lang='lat' dir='ltr'>lucem</span> <span class='ocrx_word' id='word_1_19' title='bbox 180 1798 289 1885; x_wconf 90' lang='lat' dir='ltr'>prodit</span> <span class='ocrx_word' id='word_1_20' title='bbox 300 1801 523 1865; x_wconf 84' lang='lat' dir='ltr'>commentatio</span> <span class='ocrx_word' id='word_1_21' title='bbox 533 1821 626 1882; x_wconf 76' lang='lat' dir='ltr'>nova,</span> <span class='ocrx_word' id='word_1_22' title='bbox 649 1801 717 1884; x_wconf 86' lang='lat' dir='ltr'>ejus</span> <span class='ocrx_word' id='word_1_23' title='bbox 739 1807 901 1864; x_wconf 78' lang='lat' dir='ltr'>auctorem</span> <span class='ocrx_word' id='word_1_24' title='bbox 923 1820 1079 1864; x_wconf 88' lang='lat' dir='ltr'>commen-</span> 
     </span>
     <span class='ocr_line' id='line_1_4' title="bbox 62 1899 1184 2010; baseline 0.004 -41"><span class='ocrx_word' id='word_1_25' title='bbox 62 1899 191 1971; x_wconf 82' lang='lat' dir='ltr'>tationis</span> <span class='ocrx_word' id='word_1_26' title='bbox 212 1927 276 1970; x_wconf 90' lang='lat' dir='ltr'>non</span> <span class='ocrx_word' id='word_1_27' title='bbox 297 1904 379 1990; x_wconf 83' lang='lat' dir='ltr'>fugit</span> <span class='ocrx_word' id='word_1_28' title='bbox 397 1904 482 1988; x_wconf 85' lang='lat' dir='ltr'>fore,</span> <span class='ocrx_word' id='word_1_29' title='bbox 504 1913 540 1969; x_wconf 92' lang='lat' dir='ltr'>ut</span> <span class='ocrx_word' id='word_1_30' title='bbox 560 1905 688 1990; x_wconf 90' lang='lat' dir='ltr'>incepto</span> <span class='ocrx_word' id='word_1_31' title='bbox 714 1925 771 1970; x_wconf 88' lang='lat' dir='ltr'>suo</span> <span class='ocrx_word' id='word_1_32' title='bbox 793 1925 959 1969; x_wconf 90' lang='lat' dir='ltr'>commune</span> <span class='ocrx_word' id='word_1_33' title='bbox 980 1905 1079 1975; x_wconf 92' lang='lat' dir='ltr'>homi·</span> <span class='ocrx_word' id='word_1_34' title='bbox 1132 1936 1184 2010; x_wconf 60' lang='lat'>,9:-</span> 
     </span>
     <span class='ocr_line' id='line_1_5' title="bbox 61 2002 1152 2097; baseline 0.004 -24"><span class='ocrx_word' id='word_1_35' title='bbox 61 2031 140 2074; x_wconf 89' lang='lat' dir='ltr'>num</span> <span class='ocrx_word' id='word_1_36' title='bbox 172 2009 405 2095; x_wconf 85' lang='lat' dir='ltr'>philologomm</span> <span class='ocrx_word' id='word_1_37' title='bbox 430 2002 592 2097; x_wconf 88' lang='lat' dir='ltr'>judicium</span> <span class='ocrx_word' id='word_1_38' title='bbox 620 2010 750 2075; x_wconf 83' lang='lat' dir='ltr'>mirume</span> <span class='ocrx_word' id='word_1_39' title='bbox 780 2008 895 2076; x_wconf 82' lang='lat' dir='ltr'>faveat</span> <span class='ocrx_word' id='word_1_40' title='bbox 948 2010 1077 2077; x_wconf 77' lang='lat' dir='ltr'>Etenim</span> <span class='ocrx_word' id='word_1_41' title='bbox 1148 2010 1152 2017; x_wconf 78' lang='lat'>&#39;</span> 
     </span>
     <span class='ocr_line' id='line_1_6' title="bbox 63 2112 1078 2200; baseline 0.001 -22"><span class='ocrx_word' id='word_1_42' title='bbox 63 2115 207 2199; x_wconf 81' lang='lat' dir='ltr'>quaestio</span> <span class='ocrx_word' id='word_1_43' title='bbox 228 2113 299 2198; x_wconf 82' lang='lat' dir='ltr'>illa,</span> <span class='ocrx_word' id='word_1_44' title='bbox 326 2114 366 2178; x_wconf 90' lang='lat' dir='ltr'>de</span> <span class='ocrx_word' id='word_1_45' title='bbox 389 2137 452 2200; x_wconf 85' lang='lat' dir='ltr'>qua</span> <span class='ocrx_word' id='word_1_46' title='bbox 472 2122 544 2200; x_wconf 89' lang='lat' dir='ltr'>post</span> <span class='ocrx_word' id='word_1_47' title='bbox 566 2112 739 2178; x_wconf 87' lang='lat' dir='ltr'>Twestenii</span> <span class='ocrx_word' id='word_1_48' title='bbox 761 2112 1004 2200; x_wconf 87' lang='lat' dir='ltr'>Thierschiique</span> <span class='ocrx_word' id='word_1_49' title='bbox 1026 2136 1078 2196; x_wconf 83' lang='lat' dir='ltr'>eu·</span> 
     </span>
     <span class='ocr_line' id='line_1_7' title="bbox 61 2217 1077 2303; baseline 0.004 -22"><span class='ocrx_word' id='word_1_50' title='bbox 61 2240 115 2283; x_wconf 89' lang='lat' dir='ltr'>ras</span> <span class='ocrx_word' id='word_1_51' title='bbox 135 2217 288 2290; x_wconf 87' lang='lat' dir='ltr'>Lehrsius</span> <span class='ocrx_word' id='word_1_52' title='bbox 307 2228 339 2285; x_wconf 88' lang='lat' dir='ltr'>et</span> <span class='ocrx_word' id='word_1_53' title='bbox 362 2219 506 2285; x_wconf 88' lang='lat' dir='ltr'>Rankius</span> <span class='ocrx_word' id='word_1_54' title='bbox 527 2219 698 2285; x_wconf 87' lang='lat' dir='ltr'>sententias</span> <span class='ocrx_word' id='word_1_55' title='bbox 719 2217 813 2303; x_wconf 87' lang='lat' dir='ltr'>plane</span> <span class='ocrx_word' id='word_1_56' title='bbox 836 2219 1009 2294; x_wconf 68' lang='lat' dir='ltr'>soumarias</span> <span class='ocrx_word' id='word_1_57' title='bbox 1030 2217 1077 2285; x_wconf 87' lang='lat' dir='ltr'>tu-</span> 
     </span>
     <span class='ocr_line' id='line_1_8' title="bbox 61 2319 1162 2409; baseline 0.005 -26"><span class='ocrx_word' id='word_1_58' title='bbox 61 2319 166 2385; x_wconf 81' lang='lat' dir='ltr'>lerant</span> <span class='ocrx_word' id='word_1_59' title='bbox 189 2323 250 2405; x_wconf 77' lang='lat' dir='ltr'>ita&#39;‚</span> <span class='ocrx_word' id='word_1_60' title='bbox 271 2331 307 2387; x_wconf 93' lang='lat' dir='ltr'>ut</span> <span class='ocrx_word' id='word_1_61' title='bbox 326 2320 453 2409; x_wconf 84' lang='lat' dir='ltr'>utrique</span> <span class='ocrx_word' id='word_1_62' title='bbox 475 2321 530 2389; x_wconf 90' lang='lat' dir='ltr'>alii</span> <span class='ocrx_word' id='word_1_63' title='bbox 551 2323 698 2408; x_wconf 82' lang='lat' dir='ltr'>interque</span> <span class='ocrx_word' id='word_1_64' title='bbox 719 2343 774 2386; x_wconf 86' lang='lat' dir='ltr'>eos</span> <span class='ocrx_word' id='word_1_65' title='bbox 794 2322 911 2387; x_wconf 90' lang='lat' dir='ltr'>summi</span> <span class='ocrx_word' id='word_1_66' title='bbox 938 2324 1001 2387; x_wconf 89' lang='lat' dir='ltr'>viri</span> <span class='ocrx_word' id='word_1_67' title='bbox 1022 2324 1077 2389; x_wconf 87' lang='lat' dir='ltr'>ad·</span> <span class='ocrx_word' id='word_1_68' title='bbox 1159 2330 1162 2335; x_wconf 78' lang='grc'><em>’</em></span> 
     </span>
    </p>

    <p class='ocr_par' dir='ltr' id='par_1_3' title="bbox 10 2423 1246 3955">
     <span class='ocr_line' id='line_1_9' title="bbox 10 2423 1076 2513; baseline 0.006 -24"><span class='ocrx_word' id='word_1_69' title='bbox 10 2476 12 2482; x_wconf 33' lang='lat' dir='ltr'><strong><em>s</em></strong></span> <span class='ocrx_word' id='word_1_70' title='bbox 59 2424 301 2511; x_wconf 87' lang='lat' dir='ltr'>stipularentur:</span> <span class='ocrx_word' id='word_1_71' title='bbox 341 2434 510 2513; x_wconf 79' lang='lat' dir='ltr'>postquam</span> <span class='ocrx_word' id='word_1_72' title='bbox 550 2434 582 2490; x_wconf 90' lang='lat' dir='ltr'>et</span> <span class='ocrx_word' id='word_1_73' title='bbox 620 2423 835 2512; x_wconf 80' lang='lat' dir='ltr'>Goettlingius</span> <span class='ocrx_word' id='word_1_74' title='bbox 862 2433 894 2490; x_wconf 90' lang='lat' dir='ltr'>et</span> <span class='ocrx_word' id='word_1_75' title='bbox 927 2426 1076 2513; x_wconf 89' lang='lat' dir='ltr'>Heyerus</span> 
     </span>
     <span class='ocr_line' id='line_1_10' title="bbox 59 2527 1095 2615; baseline 0.005 -23"><span class='ocrx_word' id='word_1_76' title='bbox 59 2527 201 2593; x_wconf 88' lang='lat' dir='ltr'>mediam</span> <span class='ocrx_word' id='word_1_77' title='bbox 230 2528 391 2615; x_wconf 84' lang='lat' dir='ltr'>quandam</span> <span class='ocrx_word' id='word_1_78' title='bbox 420 2530 508 2595; x_wconf 85' lang='lat' dir='ltr'>viam</span> <span class='ocrx_word' id='word_1_79' title='bbox 535 2551 640 2615; x_wconf 89' lang='lat' dir='ltr'>neque</span> <span class='ocrx_word' id='word_1_80' title='bbox 673 2551 744 2594; x_wconf 87' lang='lat' dir='ltr'>eam</span> <span class='ocrx_word' id='word_1_81' title='bbox 773 2537 881 2594; x_wconf 88' lang='lat' dir='ltr'>tamen</span> <span class='ocrx_word' id='word_1_82' title='bbox 915 2529 942 2593; x_wconf 93' lang='lat' dir='ltr'>si</span> <span class='ocrx_word' id='word_1_83' title='bbox 970 2531 1095 2607; x_wconf 66' lang='lat' dir='ltr'>minusx</span> 
     </span>
     <span class='ocr_line' id='line_1_11' title="bbox 59 2634 1177 2722; baseline 0.001 -23"><span class='ocrx_word' id='word_1_84' title='bbox 59 2634 220 2716; x_wconf 89' lang='lat' dir='ltr'>omnibus,</span> <span class='ocrx_word' id='word_1_85' title='bbox 245 2634 356 2700; x_wconf 86' lang='lat' dir='ltr'>saltem</span> <span class='ocrx_word' id='word_1_86' title='bbox 377 2635 537 2722; x_wconf 89' lang='lat' dir='ltr'>plerisque</span> <span class='ocrx_word' id='word_1_87' title='bbox 559 2635 727 2722; x_wconf 88' lang='lat' dir='ltr'>probatam</span> <span class='ocrx_word' id='word_1_88' title='bbox 748 2635 883 2719; x_wconf 87' lang='lat' dir='ltr'>ingressi</span> <span class='ocrx_word' id='word_1_89' title='bbox 904 2642 990 2698; x_wconf 91' lang='lat' dir='ltr'>sunt:</span> <span class='ocrx_word' id='word_1_90' title='bbox 1012 2657 1075 2700; x_wconf 92' lang='lat' dir='ltr'>me·</span> <span class='ocrx_word' id='word_1_91' title='bbox 1167 2694 1177 2712; x_wconf 78' lang='grc'><strong><em>,</em></strong></span> 
     </span>
     <span class='ocr_line' id='line_1_12' title="bbox 58 2738 1072 2823; baseline 0.002 -21"><span class='ocrx_word' id='word_1_92' title='bbox 58 2738 121 2802; x_wconf 91' lang='lat' dir='ltr'>rito</span> <span class='ocrx_word' id='word_1_93' title='bbox 142 2739 227 2803; x_wconf 90' lang='lat' dir='ltr'>inter</span> <span class='ocrx_word' id='word_1_94' title='bbox 248 2740 487 2809; x_wconf 84' lang='lat' dir='ltr'>inextricabiles</span> <span class='ocrx_word' id='word_1_95' title='bbox 504 2740 654 2807; x_wconf 85' lang='lat' dir='ltr'>habenda</span> <span class='ocrx_word' id='word_1_96' title='bbox 672 2762 741 2806; x_wconf 87' lang='lat' dir='ltr'>esse</span> <span class='ocrx_word' id='word_1_97' title='bbox 761 2739 918 2822; x_wconf 84' lang='lat' dir='ltr'>videatur,</span> <span class='ocrx_word' id='word_1_98' title='bbox 938 2748 975 2805; x_wconf 84' lang='lat' dir='ltr'>ut</span> <span class='ocrx_word' id='word_1_99' title='bbox 984 2741 1072 2823; x_wconf 83' lang='lat' dir='ltr'>multi</span> 
     </span>
     <span class='ocr_line' id='line_1_13' title="bbox 57 2839 1073 2930; baseline 0.003 -24"><span class='ocrx_word' id='word_1_100' title='bbox 57 2843 126 2907; x_wconf 88' lang='lat' dir='ltr'>sine</span> <span class='ocrx_word' id='word_1_101' title='bbox 149 2841 247 2908; x_wconf 86' lang='lat' dir='ltr'>dubio</span> <span class='ocrx_word' id='word_1_102' title='bbox 274 2843 393 2909; x_wconf 84' lang='lat' dir='ltr'>facient</span> <span class='ocrx_word' id='word_1_103' title='bbox 414 2865 488 2911; x_wconf 87' lang='lat' dir='ltr'>eum</span> <span class='ocrx_word' id='word_1_104' title='bbox 509 2843 722 2930; x_wconf 79' lang='lat' dir='ltr'>Bernhardyo</span> <span class='ocrx_word' id='word_1_105' title='bbox 748 2852 895 2909; x_wconf 83' lang='lat' dir='ltr'>censente</span> <span class='ocrx_word' id='word_1_106' title='bbox 916 2839 977 2928; x_wconf 84' lang='lat' dir='ltr'>(gr.</span> <span class='ocrx_word' id='word_1_107' title='bbox 998 2843 1073 2909; x_wconf 81' lang='lat' dir='ltr'>Lit-</span> 
     </span>
     <span class='ocr_line' id='line_1_14' title="bbox 58 2945 1246 3034; baseline -0.001 -20"><span class='ocrx_word' id='word_1_108' title='bbox 58 2945 167 3031; x_wconf 78' lang='lat' dir='ltr'>Gesch</span> <span class='ocrx_word' id='word_1_109' title='bbox 187 2946 232 3030; x_wconf 78' lang='grc' dir='ltr'>Π,</span> <span class='ocrx_word' id='word_1_110' title='bbox 252 2968 283 3033; x_wconf 89' lang='lat' dir='ltr'>p.</span> <span class='ocrx_word' id='word_1_111' title='bbox 308 2947 383 3028; x_wconf 81' lang='lat'>179)</span> <span class='ocrx_word' id='word_1_112' title='bbox 407 2947 549 3034; x_wconf 87' lang='lat' dir='ltr'>amplum</span> <span class='ocrx_word' id='word_1_113' title='bbox 569 2947 657 3013; x_wconf 90' lang='lat' dir='ltr'>illam</span> <span class='ocrx_word' id='word_1_114' title='bbox 678 2947 874 3034; x_wconf 83' lang='lat' dir='ltr'>subjectivae</span> <span class='ocrx_word' id='word_1_115' title='bbox 904 2968 998 3032; x_wconf 89' lang='lat' dir='ltr'>quam</span> <span class='ocrx_word' id='word_1_116' title='bbox 1020 2970 1073 3013; x_wconf 83' lang='lat' dir='ltr'>vo</span> <span class='ocrx_word' id='word_1_117' title='bbox 1175 3006 1177 3010; x_wconf 74' lang='grc'><strong>,</strong></span> <span class='ocrx_word' id='word_1_118' title='bbox 1222 2971 1246 3028; x_wconf 54' lang='grc' dir='ltr'><em>γ</em></span> 
     </span>
     <span class='ocr_line' id='line_1_15' title="bbox 57 3051 1071 3141; baseline 0.001 -25"><span class='ocrx_word' id='word_1_119' title='bbox 57 3075 166 3118; x_wconf 89' lang='lat' dir='ltr'>eamus</span> <span class='ocrx_word' id='word_1_120' title='bbox 196 3051 327 3116; x_wconf 83' lang='lat' dir='ltr'>criticae</span> <span class='ocrx_word' id='word_1_121' title='bbox 358 3051 515 3139; x_wconf 87' lang='lat' dir='ltr'>praebere</span> <span class='ocrx_word' id='word_1_122' title='bbox 543 3075 701 3141; x_wconf 87' lang='lat' dir='ltr'>campum.</span> <span class='ocrx_word' id='word_1_123' title='bbox 758 3052 831 3137; x_wconf 83' lang='lat' dir='ltr'>Ego</span> <span class='ocrx_word' id='word_1_124' title='bbox 858 3073 935 3116; x_wconf 90' lang='lat' dir='ltr'>vero</span> <span class='ocrx_word' id='word_1_125' title='bbox 967 3074 1071 3138; x_wconf 89' lang='lat' dir='ltr'>neque</span> 
     </span>
     <span class='ocr_line' id='line_1_16' title="bbox 55 3155 1072 3244; baseline -0.001 -22"><span class='ocrx_word' id='word_1_126' title='bbox 55 3165 179 3222; x_wconf 89' lang='lat' dir='ltr'>tantum</span> <span class='ocrx_word' id='word_1_127' title='bbox 200 3155 280 3220; x_wconf 90' lang='lat' dir='ltr'>mihi</span> <span class='ocrx_word' id='word_1_128' title='bbox 300 3178 432 3242; x_wconf 84' lang='lat' dir='ltr'>arrogo,</span> <span class='ocrx_word' id='word_1_129' title='bbox 461 3157 644 3241; x_wconf 78' lang='lat' dir='ltr'>utendam,</span> <span class='ocrx_word' id='word_1_130' title='bbox 678 3180 740 3244; x_wconf 88' lang='lat' dir='ltr'>qua</span> <span class='ocrx_word' id='word_1_131' title='bbox 761 3155 808 3221; x_wconf 87' lang='lat' dir='ltr'>illi</span> <span class='ocrx_word' id='word_1_132' title='bbox 830 3156 879 3221; x_wconf 87' lang='lat' dir='ltr'>usi</span> <span class='ocrx_word' id='word_1_133' title='bbox 900 3164 987 3238; x_wconf 87' lang='lat' dir='ltr'>sunt,</span> <span class='ocrx_word' id='word_1_134' title='bbox 1018 3158 1072 3223; x_wconf 86' lang='lat' dir='ltr'>via</span> 
     </span>
     <span class='ocr_line' id='line_1_17' title="bbox 56 3261 1070 3349; baseline 0.001 -22"><span class='ocrx_word' id='word_1_135' title='bbox 56 3271 152 3348; x_wconf 90' lang='lat' dir='ltr'>atque</span> <span class='ocrx_word' id='word_1_136' title='bbox 173 3261 296 3329; x_wconf 75' lang='lat' dir='ltr'>ratium</span> <span class='ocrx_word' id='word_1_137' title='bbox 317 3281 338 3325; x_wconf 87' lang='lat' dir='ltr'>a</span> <span class='ocrx_word' id='word_1_138' title='bbox 358 3284 410 3326; x_wconf 91' lang='lat' dir='ltr'>me</span> <span class='ocrx_word' id='word_1_139' title='bbox 431 3263 619 3349; x_wconf 86' lang='lat' dir='ltr'>indagatum</span> <span class='ocrx_word' id='word_1_140' title='bbox 640 3263 680 3327; x_wconf 91' lang='lat' dir='ltr'>iri</span> <span class='ocrx_word' id='word_1_141' title='bbox 702 3271 824 3348; x_wconf 86' lang='lat' dir='ltr'>putem,</span> <span class='ocrx_word' id='word_1_142' title='bbox 846 3283 927 3346; x_wconf 85' lang='lat' dir='ltr'>quae</span> <span class='ocrx_word' id='word_1_143' title='bbox 948 3272 1070 3348; x_wconf 89' lang='lat' dir='ltr'>praete-</span> 
     </span>
     <span class='ocr_line' id='line_1_18' title="bbox 56 3362 1070 3453; baseline 0.001 -24"><span class='ocrx_word' id='word_1_144' title='bbox 56 3366 169 3430; x_wconf 91' lang='lat' dir='ltr'>rierint</span> <span class='ocrx_word' id='word_1_145' title='bbox 190 3363 298 3430; x_wconf 86' lang='lat' dir='ltr'>oculos</span> <span class='ocrx_word' id='word_1_146' title='bbox 318 3363 462 3449; x_wconf 82' lang='lat' dir='ltr'>illorum,</span> <span class='ocrx_word' id='word_1_147' title='bbox 490 3388 593 3452; x_wconf 89' lang='lat' dir='ltr'>neque</span> <span class='ocrx_word' id='word_1_148' title='bbox 609 3373 744 3453; x_wconf 88' lang='lat' dir='ltr'>&#39;sperare</span> <span class='ocrx_word' id='word_1_149' title='bbox 772 3385 900 3452; x_wconf 90' lang='lat' dir='ltr'>possum</span> <span class='ocrx_word' id='word_1_150' title='bbox 921 3362 1017 3446; x_wconf 79' lang='lat' dir='ltr'>fore,.</span> <span class='ocrx_word' id='word_1_151' title='bbox 1034 3375 1070 3430; x_wconf 87' lang='lat' dir='ltr'>ut</span> 
     </span>
     <span class='ocr_line' id='line_1_19' title="bbox 55 3467 1069 3563; baseline 0.001 -29"><span class='ocrx_word' id='word_1_152' title='bbox 55 3471 124 3547; x_wconf 85' lang='lat' dir='ltr'>sine</span> <span class='ocrx_word' id='word_1_153' title='bbox 145 3468 237 3535; x_wconf 90' lang='lat' dir='ltr'>novis</span> <span class='ocrx_word' id='word_1_154' title='bbox 258 3468 473 3563; x_wconf 76' lang='lat' dir='ltr'>gravibusque</span> <span class='ocrx_word' id='word_1_155' title='bbox 499 3471 695 3555; x_wconf 83' lang='lat' dir='ltr'>argumentis</span> <span class='ocrx_word' id='word_1_156' title='bbox 717 3469 904 3555; x_wconf 78' lang='lat' dir='ltr'>cujusquam</span> <span class='ocrx_word' id='word_1_157' title='bbox 923 3467 1069 3554; x_wconf 88' lang='lat' dir='ltr'>plausum</span> 
     </span>
     <span class='ocr_line' id='line_1_20' title="bbox 55 3569 1068 3660; baseline 0.001 -23"><span class='ocrx_word' id='word_1_158' title='bbox 55 3569 172 3638; x_wconf 79' lang='lat' dir='ltr'>feram:</span> <span class='ocrx_word' id='word_1_159' title='bbox 203 3573 393 3658; x_wconf 89' lang='lat' dir='ltr'>praesertim</span> <span class='ocrx_word' id='word_1_160' title='bbox 419 3596 517 3659; x_wconf 91' lang='lat' dir='ltr'>quum</span> <span class='ocrx_word' id='word_1_161' title='bbox 546 3573 727 3660; x_wconf 89' lang='lat' dir='ltr'>hujusmodi</span> <span class='ocrx_word' id='word_1_162' title='bbox 762 3572 960 3659; x_wconf 87' lang='lat' dir='ltr'>quaestiones</span> <span class='ocrx_word' id='word_1_163' title='bbox 993 3595 1068 3638; x_wconf 91' lang='lat' dir='ltr'>non-</span> 
     </span>
     <span class='ocr_line' id='line_1_21' title="bbox 54 3676 1067 3765; baseline -0.003 -21"><span class='ocrx_word' id='word_1_164' title='bbox 54 3700 217 3764; x_wconf 88' lang='lat' dir='ltr'>nunquam</span> <span class='ocrx_word' id='word_1_165' title='bbox 238 3678 442 3760; x_wconf 86' lang='lat' dir='ltr'>auctoritate,</span> <span class='ocrx_word' id='word_1_166' title='bbox 463 3701 545 3765; x_wconf 89' lang='lat' dir='ltr'>quae</span> <span class='ocrx_word' id='word_1_167' title='bbox 566 3679 645 3745; x_wconf 89' lang='lat' dir='ltr'>mihi</span> <span class='ocrx_word' id='word_1_168' title='bbox 667 3687 714 3745; x_wconf 89' lang='lat' dir='ltr'>est</span> <span class='ocrx_word' id='word_1_169' title='bbox 734 3676 828 3759; x_wconf 73' lang='lat' dir='ltr'>nialla,</span> <span class='ocrx_word' id='word_1_170' title='bbox 849 3677 951 3762; x_wconf 76' lang='lat' dir='ltr'>magis</span> <span class='ocrx_word' id='word_1_171' title='bbox 972 3699 1067 3762; x_wconf 88' lang='lat' dir='ltr'>quam</span> 
     </span>
     <span class='ocr_line' id='line_1_22' title="bbox 53 3770 1067 3870; baseline -0.002 -22"><span class='ocrx_word' id='word_1_172' title='bbox 53 3782 326 3867; x_wconf 84' lang='lat' dir='ltr'>argumentatione</span> <span class='ocrx_word' id='word_1_173' title='bbox 352 3781 623 3849; x_wconf 86' lang='lat' dir='ltr'>commendentur.</span> <span class='ocrx_word' id='word_1_174' title='bbox 678 3781 743 3848; x_wconf 85' lang='lat' dir='ltr'>Sed</span> <span class='ocrx_word' id='word_1_175' title='bbox 768 3770 797 3847; x_wconf 85' lang='lat' dir='ltr'>si</span> <span class='ocrx_word' id='word_1_176' title='bbox 818 3780 888 3865; x_wconf 86' lang='lat' dir='ltr'>jam</span> <span class='ocrx_word' id='word_1_177' title='bbox 916 3787 989 3844; x_wconf 88' lang='lat' dir='ltr'>ante</span> <span class='ocrx_word' id='word_1_178' title='bbox 1009 3780 1067 3870; x_wconf 80' lang='lat' dir='ltr'>¹hos</span> 
     </span>
     <span class='ocr_line' id='line_1_23' title="bbox 53 3883 1068 3955; baseline -0.002 -4"><span class='ocrx_word' id='word_1_179' title='bbox 53 3885 194 3951; x_wconf 87' lang='lat' dir='ltr'>sedecim</span> <span class='ocrx_word' id='word_1_180' title='bbox 225 3906 326 3951; x_wconf 82' lang='lat' dir='ltr'>annos</span> <span class='ocrx_word' id='word_1_181' title='bbox 359 3886 411 3950; x_wconf 86' lang='lat' dir='ltr'>vir</span> <span class='ocrx_word' id='word_1_182' title='bbox 446 3885 639 3953; x_wconf 83' lang='lat' dir='ltr'>clarissimus</span> <span class='ocrx_word' id='word_1_183' title='bbox 669 3883 894 3950; x_wconf 85' lang='lat' dir='ltr'>Ferdinandus</span> <span class='ocrx_word' id='word_1_184' title='bbox 922 3883 1068 3955; x_wconf 82' lang='lat' dir='ltr'>Ranlrius</span> 
     </span>
    </p>

    <p class='ocr_par' dir='ltr' id='par_1_4' title="bbox 11 3973 1109 4291">
     <span class='ocr_line' id='line_1_24' title="bbox 11 3973 1066 4073; baseline -0.002 -19"><span class='ocrx_word' id='word_1_185' title='bbox 11 3973 17 3984; x_wconf 54' lang='lat'><strong><em>¹</em></strong></span> <span class='ocrx_word' id='word_1_186' title='bbox 52 3990 86 4054; x_wconf 91' lang='lat' dir='ltr'>in</span> <span class='ocrx_word' id='word_1_187' title='bbox 96 3989 360 4059; x_wconf 86' lang='lat' dir='ltr'>commentatione</span> <span class='ocrx_word' id='word_1_188' title='bbox 377 4010 435 4055; x_wconf 89' lang='lat' dir='ltr'>sua</span> <span class='ocrx_word' id='word_1_189' title='bbox 451 3989 561 4073; x_wconf 82' lang='lat' dir='ltr'>altera,</span> <span class='ocrx_word' id='word_1_190' title='bbox 583 3991 635 4056; x_wconf 92' lang='lat' dir='ltr'>cui</span> <span class='ocrx_word' id='word_1_191' title='bbox 649 3989 750 4055; x_wconf 83' lang='lat' dir='ltr'>index</span> <span class='ocrx_word' id='word_1_192' title='bbox 768 3996 827 4053; x_wconf 86' lang='lat' dir='ltr'>est:</span> <span class='ocrx_word' id='word_1_193' title='bbox 843 3986 1066 4072; x_wconf 69' lang='lat' dir='ltr'>&#39;hesiodeisope</span> 
     </span>
     <span class='ocr_line' id='line_1_25' title="bbox 53 4081 1066 4183; baseline -0.001 -25"><span class='ocrx_word' id='word_1_194' title='bbox 53 4081 188 4162; x_wconf 82' lang='lat' dir='ltr'>Studien</span> <span class='ocrx_word' id='word_1_195' title='bbox 209 4114 365 4178; x_wconf 86' lang='lat' dir='ltr'>quaerere</span> <span class='ocrx_word' id='word_1_196' title='bbox 385 4096 490 4180; x_wconf 89' lang='lat' dir='ltr'>potuit</span> <span class='ocrx_word' id='word_1_197' title='bbox 511 4092 556 4182; x_wconf 91' lang='lat' dir='ltr'>(p.</span> <span class='ocrx_word' id='word_1_198' title='bbox 578 4094 627 4183; x_wconf 84' lang='lat'>3):</span> <span class='ocrx_word' id='word_1_199' title='bbox 661 4116 746 4178; x_wconf 81' lang='lat' dir='ltr'>„wer</span> <span class='ocrx_word' id='word_1_200' title='bbox 774 4092 858 4159; x_wconf 82' lang='lat' dir='ltr'>aber.</span> <span class='ocrx_word' id='word_1_201' title='bbox 881 4091 937 4157; x_wconf 89' lang='lat' dir='ltr'>hat</span> <span class='ocrx_word' id='word_1_202' title='bbox 957 4091 1066 4157; x_wconf 86' lang='lat' dir='ltr'>bisher</span> 
     </span>
     <span class='ocr_line' id='line_1_26' title="bbox 51 4194 1109 4291; baseline -0.006 -29"><span class='ocrx_word' id='word_1_203' title='bbox 51 4195 120 4263; x_wconf 87' lang='lat' dir='ltr'>sich</span> <span class='ocrx_word' id='word_1_204' title='bbox 140 4220 181 4261; x_wconf 82' lang='lat' dir='ltr'>au</span> <span class='ocrx_word' id='word_1_205' title='bbox 204 4194 266 4260; x_wconf 90' lang='lat' dir='ltr'>den</span> <span class='ocrx_word' id='word_1_206' title='bbox 287 4195 410 4262; x_wconf 79' lang='lat' dir='ltr'>Fiissen</span> <span class='ocrx_word' id='word_1_207' title='bbox 433 4197 490 4262; x_wconf 88' lang='lat' dir='ltr'>des</span> <span class='ocrx_word' id='word_1_208' title='bbox 501 4197 659 4265; x_wconf 82' lang='lat' dir='ltr'>Hesiodea</span> <span class='ocrx_word' id='word_1_209' title='bbox 678 4197 910 4291; x_wconf 81' lang='lat' dir='ltr'>niedergesetut</span> <span class='ocrx_word' id='word_1_210' title='bbox 923 4194 990 4260; x_wconf 87' lang='lat' dir='ltr'>und</span> <span class='ocrx_word' id='word_1_211' title='bbox 1007 4195 1064 4262; x_wconf 84' lang='lat' dir='ltr'>das</span> <span class='ocrx_word' id='word_1_212' title='bbox 1108 4253 1109 4256; x_wconf 74' lang='grc'>,</span> 
     </span>
    </p>

    <p class='ocr_par' dir='ltr' id='par_1_5' title="bbox 830 4312 846 4373">
     <span class='ocr_line' id='line_1_27' title="bbox 830 4312 846 4373; baseline 0 0"><span class='ocrx_word' id='word_1_213' title='bbox 830 4312 846 4373; x_wconf 94' lang='grc'><strong>1</strong></span> 
     </span>
    </p>
   </div>
   <div class='ocr_carea' id='block_1_2' title="bbox 0 0 1436 5114">
    <p class='ocr_par' dir='ltr' id='par_1_6' title="bbox 0 0 1436 5114">
     <span class='ocr_line' id='line_1_28' title="bbox 0 0 1436 5114; baseline 0 6"><span class='ocrx_word' id='word_1_214' title='bbox 0 0 1436 5114; x_wconf 95' lang='lat' dir='ltr'> </span> 
     </span>
    </p>
   </div>
  </div>
 </body>
</html>
