2864 5114
813 461 855 526 38

332 641 455 719 partem
476 654 549 726 oum
569 634 646 699 loeis
668 660 697 723 p.
719 637 761 704 35
784 636 905 717 allatis,
925 628 1057 698 alteram
1079 629 1234 694 eamear
1258 646 1346 691 παν-

331 740 424 800 τοίων
453 734 581 819 ἀνέμων
609 739 747 804 θύουσιν
775 738 870 825 ἀῆται
890 774 934 785 —-
954 735 1019 801 875
1051 742 1176 821 partem
1202 733 1346 820 priorm

333 863 405 905 oum
427 840 491 906 552
512 839 620 904 ἄλλοτ’
641 842 730 927 ἄησι,
768 842 900 908 alteram
927 848 960 904 et
980 840 1120 927 priorem
1144 858 1257 902 versus
1278 832 1345 900 876

333 968 405 1010 eum
435 944 557 1011 665.66
585 945 655 1009 odas
675 968 710 1008 aa
740 949 802 1030 νῆα
833 942 989 1019 καυάξαις
1010 940 1078 1006 οὔτ’
1108 939 1231 1026 ἄνδρας
1257 937 1345 1003 oim-

331 1051 459 1133 φθίσειε
480 1046 634 1111 θάλασσα
648 1085 690 1096 -—
706 1049 770 1114 875
791 1057 915 1136 partem
937 1047 1069 1113 alteram
1090 1067 1163 1112 eum
1184 1043 1247 1109 201
1270 1044 1344 1125 (aet

331 1157 384 1236 m.)
405 1156 505 1216 κακοῦ
524 1151 556 1216 δ’
578 1150 635 1216 οὐκ
656 1152 775 1217 ἔσσεται
797 1151 888 1237 α’λκή.
1174 1145 1177 1149 ’

395 1256 441 1321 Ut
454 1255 623 1322 redeamus
644 1256 687 1321 56
708 1268 804 1344 eaput
820 1256 861 1322 de
881 1224 1044 1336 i'andora,
1074 1262 1210 1339 quatuor
1230 1272 1345 1321 venue

261 1381 263 1385 ’
331 1360 475 1444 42-46,
497 1382 688 1449 quamquam
708 1361 790 1428 male
812 1361 931 1427 annexi
952 1366 1026 1424 sunt
1044 1379 1065 1422 5
1084 1356 1252 1446 rhapsodis
1272 1378 1345 1422 ver·

333 1465 382 1530 eui
400 1465 457 1548 41,
478 1473 585 1530 tamen
602 1464 681 1530 nihil
701 1464 839 1550 habent,
861 1463 946 1552 quod
969 1462 1010 1529 ab
1032 1461 1175 1528 Hesiodo
1204 1459 1345 1526 alienum

318 1569 382 1659 ¹sit.
428 1565 494 1655 (De
515 1566 589 1643 ὥςτε
609 1593 636 1635 5.
658 1570 712 1635 inf.
725 1593 756 1653 5.
774 1569 872 1636 Goon.
893 1568 933 1633 of.
955 1567 1076 1652 Theog.
1099 1566 1183 1649 831.)
1232 1565 1345 1631 Potius

333 1696 406 1738 eum
426 1672 522 1737 finem
543 1673 667 1754 (Ranke
688 1656 753 1740 hes.
777 1673 821 1739 St
842 1697 873 1760 p.
894 1673 948 1752 23)
971 1670 1089 1757 optime
1116 1669 1272 1752 indicant,
1301 1667 1345 1734 56

332 1798 426 1863 quem
446 1786 543 1864 poeta
552 1777 693 1844 fabulam
701 1776 893 1860 Promethei,
914 1776 949 1840 in
967 1772 1154 1860 Theogonia
1168 1771 1345 1839 seeundum
1366 1775 1377 1788 '

332 1879 476 1951 ordinem
487 1902 595 1945 rerum
606 1881 793 1968 expositam,
808 1881 842 1945 in
851 1879 956 1966 aliquo
965 1878 1105 1943 carmine
1115 1885 1346 1943 retractaverat

332 1993 365 2049 et
383 1985 429 2049 ita
446 1983 591 2071 quidem,
612 1993 649 2049 ut
670 2006 751 2071 quae
773 1983 816 2049 ad
836 1983 964 2049 illorum
984 2004 1135 2048 versuum
1155 1980 1345 2046 sententiam
1380 2001 1388 2015 ·

332 2110 396 2152 non
417 2087 574 2172 facerent,
606 2097 661 2153 aut
683 2088 824 2153 omiserit
851 2098 906 2152 aut
927 2087 1030 2153 obiter
1050 2090 1174 2150 tanturn
1194 2085 1346 2170 tetigerit

332 2191 387 2255 Ex
400 2213 537 2277 quonam
558 2191 699 2256 carmine
721 2189 899 2278 episodium
918 2182 1061 2256 nostrum
1073 2189 1136 2254 hue
1157 2189 1347 2274 migraverit

333 2295 450 2359 frmtra
469 2315 620 2380 quaeras,
641 2295 699 2360 sed
720 2294 756 2359 id
778 2295 965 2360 confirmare
987 2295 1104 2360 ausim:
1126 2316 1158 2357 m
1231 2293 1346 2358 eillud

333 2399 505 2481 interiisse,
527 2380 718 2501 utfiforsitari
734 2420 775 2463 ne
791 2420 912 2481 nomen
932 2395 1061 2495 quidem
1086 2397 1161 2503 ψ’
1199 2399 1346 2485 supersit

268 2526 271 2532 ·
335 2501 485 2567 Continet
505 2511 612 2568 autem
632 2501 688 2574 illa
708 2495 950 2568 fabula'oausas
971 2499 1160 2567 conditionis
1180 2500 1346 2567 hominnm

334 2608 368 2670 in
390 2605 528 2671 deterius
548 2614 705 2692 mutatae:
737 2629 818 2693 quae
840 2628 954 2672 causae
976 2589 1115 2693 primuiir
1136 2605 1278 2671 breviter
1298 2608 1347 2673 in-
1376 2642 1380 2653 ·

335 2709 480 2775 dicantur
500 2711 645 2777 versibus
678 2710 819 2794 duobus,
844 2711 909 2797 'qui
939 2709 1032 2776 simul
1053 2719 1126 2776 sumt
1155 2691 1358 2776 narrationis·

332 2815 551 2902 subsequentis
573 2817 664 2902 quasi
684 2816 858 2903 propositio
879 2817 920 2896 (v.
942 2813 1035 2879 adv.
1060 2815 1142 2896 105).
1191 2815 1348 2896 1555515-

330 2924 413 3002 piter
434 2928 518 3003 erat,
540 2920 596 3005 qui
616 2921 737 2984 vietum
757 2918 939 2985 hominibus
960 2917 1142 2983 recondidit
1165 2917 1244 3009 (47),
1261 2917 1351 2985 nulla

333 3023 397 3088 alia
416 3045 453 3087 55
474 3031 652 3110 permotus,
674 3045 770 3110 quam
789 3023 874 3110 quod
895 3022 1022 3089 illorum
1041 3031 1194 3109 patronus
1216 3024 1346 3087 Prome-

335 3129 419 3190 theae
431 3147 504 3191 eum
527 3124 697 3212 deceperat
708 3126 783 3210 (48).
825 3128 892 3210 „Ob
906 3148 973 3190 eum
994 3129 1088 3208 iqitur
1108 3147 1234 3192 oausam
1256 3128 1347 3212 (556-

256 3292 260 3300 .
335 3229 396 3294 ret’
417 3229 483 3316 ἄρ’)
505 3230 634 3318 Jupiter
654 3230 835 3297 hominibus
857 3212 1070 3296 aalainitatem
1099 3231 1253 3297 struxit‘i
1286 3231 1351 3298 hoo

267 3347 269 3351 ’
335 3357 430 3400 versu
451 3333 611 3401 Hesiodus
632 3337 820 3401 sententiam
849 3358 879 3399 v.
900 3334 959 3418 47,
994 3358 1058 3422 qua
1085 3357 1150 3400 una
1178 3334 1221 3400 56
1248 3335 1351 3423 expli-

336 3439 453 3504 candos
474 3461 525 3504 vv.
546 3438 675 3504 42-46
703 3461 782 3526 opus
813 3448 895 3522 erat,
926 3439 1027 3525 magis
1058 3436 1273 3504 inouleatunis
1300 3460 1352 3506 55

334 3543 423 3630 petit·
437 3552 469 3606 et
497 3551 565 3607 tum
594 3542 731 3629 denique
762 3542 805 3607 ad
832 3543 1047 3607 narrationem
1078 3542 1119 3607 de
1150 3542 1235 3636 furto·
1264 3544 1352 3630 ignis

335 3647 438 3736 deque
459 3646 609 3743 Pandora
628 3648 675 3712 ita
694 3646 824 3728 transit,
846 3654 882 3711 ut
903 3645 1055 3733 ejusdem,
1078 3628 1260 3734 quo⁰supra
1272 3670 1352 3715 usus

335 3762 412 3836 erat,
434 3751 525 3817 verbi
547 3752 652 3838 κρύψε
673 3748 835 3837 anaphora
856 3751 1016 3836 prioribus
1029 3773 1100 3816 eam
1116 3752 1207 3837 quasi
1225 3749 1352 3838 alliget:

333 3880 415 3942 „non
437 3859 556 3920 vietum
577 3855 678 3921 solum
699 3852 1038 3942 recondidittupiter,
1059 3858 1116 3918 sed
1136 3858 1227 3918 etiam
1240 3856 1352 3942 ignem

334 3961 453 4045 (κρύψε
475 3957 511 4022 δὲ
532 3962 596 4044 πῦρ
618 3959 705 4044 50).“
760 3958 855 4022 Hune
886 3956 1017 4044 quidem
1045 3957 1095 4044 (τὸ
1116 3959 1193 4043 μέν)
1219 3959 1352 4026 Prome

334 4065 426 4130 theus
456 4063 624 4149 surripuit,
656 4061 714 4127 sed
740 4061 817 4127 nihil
848 4061 991 4149 profecit
1048 4062 1194 4150 Namque
1230 4087 1353 4145 novum

334 4169 462 4256 Jupiter
482 4166 662 4233 hominibus
680 4175 748 4231 tum
768 4166 855 4230 misit
873 4164 1010 4230 malurn:
1032 4165 1221 4231 Pandoram.
1352 4154 1358 4169 '

397 4273 538 4358 „Vereor
577 4295 616 4337 ne
648 4272 742 4336 nimis
773 4268 963 4356 quibusdam
996 4292 1194 4357 exaggerare
1225 4270 1356 4357 videar,
