2864 5114
571 546 613 611 53

81 723 244 798 auctores,
272 725 308 781 ut
337 717 452 803 prodat
473 716 612 801 primum
641 717 795 801 impetum
816 717 971 782 acriorem
992 720 1096 804 poesis

80 822 263 905 gnomicae',
286 816 367 908 quae
389 830 457 885 tum
477 819 581 905 ipsum
604 818 834 900 efflerescebat,
861 841 958 905 quum
978 823 1095 888 exstin-

80 924 239 1010 guebatur
260 926 365 1013 spica:
388 933 495 988 tamen
515 945 620 1009 neque
633 945 744 989 eorum
761 945 1094 1011 sensuumearumque

80 1029 317 1116 cogitationum,
340 1050 420 1114 quae
434 1027 568 1119 saeerdip
581 1028 847 1114 subsequentibus
859 1029 960 1114 magis
980 1031 1094 1116 magis

80 1154 144 1218 que
172 1133 388 1216 invaluerunt,
421 1132 472 1199 vel
498 1142 610 1200 auctor
636 1142 684 1200 est
709 1133 761 1198 vel
787 1135 908 1220 primus
928 1136 1094 1223 interpres,

80 1260 184 1325 neque
206 1237 421 1305 conditionem
442 1238 528 1303 vitae
550 1237 695 1325 depingit
716 1238 820 1312 multo¹
837 1227 1036 1309 differentem
1052 1243 1094 1309 ab

80 1342 130 1427 aa
152 1359 247 1430 qnam
268 1346 302 1408 in
324 1343 518 1409 carminibus
539 1344 674 1411 Homeri
698 1342 807 1409 demto
835 1353 949 1410 ornatu
968 1347 1094 1432 poetico

80 1446 243 1535 depictam
263 1450 456 1514 invenimus:
478 1449 536 1514 sed
557 1452 591 1515 in
606 1449 770 1537 Operibus
793 1459 825 1514 et
836 1450 962 1516 Diebus
982 1475 1094 1518 eoram·

81 1550 156 1617 dem
178 1561 358 1640 temporum
372 1554 545 1638 imaginem
563 1553 710 1645 exhibuit
731 1552 954 1618 adumbratam
969 1564 1093 1623 tantum

80 1653 357 1733 diversoconsilio
381 1656 602 1745 coloribusque
623 1658 766 1723 diversis.
802 1657 945 1724 Sublime
965 1682 1093 1726 carmen

56 1760 192 1834 „iliadis
203 1769 236 1824 et
249 1753 415 1846 Odysseae
436 1784 501 1827 non
513 1764 718 1828 'convertitur
733 1761 776 1827 ad
788 1760 916 1849 plebem
929 1763 1092 1831 laboribus

78 1886 119 1929 aa
139 1865 275 1950 negotiis
297 1862 492 1948 ducenum,
514 1865 572 1929 sed
593 1876 641 1930 est
661 1863 861 1949 ἀναθήματα
883 1864 991 1941 δαιτὸς
1010 1869 1092 1948 inter

39 2047 50 2058 ¹
78 1969 228 2035 convivia
248 1967 407 2054 festosque
419 1978 592 2035 conventus
608 1969 778 2053 nobilium3
799 1970 935 2037 Hesiodi
948 1971 1093 2040 doctrina

77 2072 205 2158 sapiens
225 2071 337 2137 similis
357 2079 406 2136 est
426 2073 533 2137 cantii
553 2072 653 2138 Dices
673 2071 814 2140 Arnteae
836 2071 926 2159 (105)

451 2199 634 2287 ἀνειρομένη
661 2201 698 2268 δὲ
719 2207 877 2290 γέροντας

165 2300 202 2386 ἦέ
221 2324 285 2366 που
306 2304 358 2399 εἰνΙ
376 2303 477 2394 α’γορῇ
500 2305 521 2389 ἢ
539 2303 701 2392 εὐρυχόρῳ
721 2307 757 2371 ἐν
778 2306 873 2400 ἀγυιῇ

75 2433 85 2485 j
164 2404 375 2494 δημοτέρας
396 2406 500 2492 ἤειδεν
521 2409 755 2494 ἐπισπέρχουσα
777 2414 936 2493 θέμιστας,

77 2539 139 2602 nisi
161 2537 247 2623 qnod
268 2538 386 2604 Aratus
407 2561 520 2626 parum
542 2543 767 2606 convenienter
795 2542 850 2625 iis,
879 2564 961 2628 qnae
987 2543 1087 2609 verbo

78 2640 250 2728 δημσιέρας
271 2654 336 2710 tam
358 2645 522 2732 praeclare
545 2635 767 2728 denotaverat,
795 2652 940 2731 γέροντας
959 2644 1087 2711 induxit

79 2748 254 2834 optimates.

143 2901 210 2974 Sed
232 2904 377 2988 quamvis
391 2911 452 2968 stet
465 2903 624 2969 Homerus
640 2926 659 2968 a
675 2913 765 2991 parte
779 2903 959 2988 nobilitatis,
980 2889 1086 2977 temen
1127 2970 1139 2982 ,
1252 2860 1259 2879 Ι

75 3028 142 3077 nou
163 3016 261 3081 earet
273 3008 470 3075 documentis
490 3009 526 3073 in
548 3008 696 3096 Odyssea
716 3010 897 3096 praecipue,
919 3031 1000 3096 quae
1014 3031 1085 3080 ccc·

76 3113 207 3182 uncam
226 3133 330 3198 neque
349 3111 566 3183 conditionem
589 3113 692 3200 plebis
719 3113 777 3183 sub
799 3115 934 3201 ‘superte
955 3113 1086 3184 heroum

75 3215 213 3283 viventis
234 3236 338 3300 neque
360 3216 480 3282 animos
502 3208 636 3283 multum
656 3240 677 3283 a
698 3216 765 3282 vita
785 3215 887 3302 plebis
905 3215 1084 3285 Hesiodeae

75 3317 204 3388 dbtare.
258 3317 356 3385 Haud
384 3340 477 3385 rarae
505 3319 721 3398 accusationes
758 3319 929 3404 mjustitiee
964 3341 1084 3404 regum,

74 3422 231 3491 nobilium
263 3423 450 3491 temeritatis
478 3421 516 3506 (v.
547 3423 756 3510 thelsbach.
785 3423 805 3489 l
833 3422 852 3487 l.
881 3445 911 3508 p.
933 3422 1022 3509 243),
1051 3434 1084 3495 at
1184 3415 1187 3420 ¹

73 3522 199 3614 magnis
219 3524 367 3593 laudibus
387 3515 583 3594 extolluntuu
597 3529 730 3614 justitia,
750 3528 968 3613 temperantis,
990 3530 1082 3593 comi·

73 3640 139 3699 tss:
159 3629 248 3716 quod
268 3628 388 3695 facturn
406 3652 472 3696 non
494 3639 583 3712 esset,
602 3632 632 3697 si
653 3629 726 3700 illae
747 3633 880 3705 virtutes
901 3653 1082 3701 communes

58 3733 215 3801 dixissent
257 3733 407 3820 Denique
439 3735 467 3799 si
495 3745 695 3821 superessent
716 3740 855 3805 carmina
876 3735 1018 3822 ejusdem
1036 3744 1083 3800 at

72 3858 138 3925 qne
161 3836 270 3925 Opera
292 3850 324 3906 et
343 3837 424 3903 Dies
445 3840 624 3923 argumenti
646 3861 689 3903 ex
711 3848 815 3908 aenos
835 3847 870 3905 et
890 3839 995 3926 patria
1009 3860 1083 3924 poe-

75 3951 180 4010 tamm
201 3940 466 4013 Homeridarnm:
488 3939 618 4011 easdem
637 3965 689 4007 res
710 3941 823 4012 iisdem
844 3942 958 4013 finctae
970 3940 1082 4011 eolori-

75 4046 136 4114 bu's
157 4066 367 4116 cerneremus.
410 4044 594 4113 Nam‘illud
615 4047 707 4132 parvi
733 4054 784 4115 est
804 4046 968 4128 momenti,
993 4045 1081 4132 quod

72 4144 233 4217 Homerus
255 4151 288 4213 in
314 4150 496 4220 civitatibus
522 4150 657 4223 caseis
683 4152 807 4238 regium
835 4161 957 4223 tantum
983 4153 1080 4240 impe·

70 4253 159 4321 'rium
180 4251 467 4336 nouissevidetur,
499 4255 659 4327 Hesiodus
684 4254 744 4321 sub
767 4255 929 4351 dominatu
947 4256 1080 4341 optimc
1167 4347 1171 4355 Ι

72 4360 153 4425 tium
173 4359 309 4445 patriam
331 4379 419 4425 suom
441 4357 655 4458 vidit:.quum
676 4346 717 4427 in·
723 4359 855 4427 Boeotia
875 4367 1013 4446 potestas
1033 4380 1079 4425 re
