2864 5114
602 397 622 461 2

111 556 242 651 wissen
264 555 332 622 und
361 553 413 619 die
434 544 593 620 Weisheit
622 554 678 618 des
707 553 967 640 merkwtirdigen
989 555 1132 640 Sengers

113 683 171 726 ans
191 660 258 725 ihm
278 659 375 725 selbst
395 659 462 725 und
485 659 586 724 durch
609 660 661 725 die
683 659 912 746 naheliegende
941 662 1007 726 und
1038 660 1131 726 noth-

112 766 256 851 wendige
279 764 516 852 Vergleichung
537 766 596 829 mit
618 763 680 828 den
700 764 922 829 homerisehen
945 764 1131 831 Gediohten

111 893 152 934 nu
173 868 364 933 entwiokeln
383 867 450 933 und
471 868 530 932 auf
546 867 669 932 sichero
692 866 969 955 Gesiohtspunkte
992 867 1132 951 zimiiok-

111 973 266 1038 nufflhren
288 971 510 1058 getraohtet?⁴‘
530 972 582 1037 vel
598 972 693 1037 hodie
708 995 772 1038 non
794 975 916 1038 minore
931 995 1033 1060 paene
1052 973 1131 1058 jure

111 1076 199 1140 idem
220 1075 313 1157 illud,
335 1083 490 1160 quatenus
512 1074 554 1139 ad
577 1074 721 1162 Operum
743 1075 876 1163 quidem,
905 1076 1132 1163 perscrutatio

110 1202 186 1246 nem
208 1188 342 1268 spectat,
365 1180 476 1264 quaeri
496 1179 580 1257 licet.
623 1179 777 1260 Quamvis
800 1182 902 1263 enim,
924 1181 979 1267 qui
1000 1188 1072 1266 post
1094 1179 1131 1242 il-

112 1284 175 1349 lam
198 1285 493 1349 commentationem
516 1283 634 1348 editam
657 1283 801 1370 Operum
834 1293 866 1348 et
894 1282 1031 1348 Dierum
1060 1305 1131 1347 car·

114 1411 188 1453 men
208 1389 393 1452 universum
414 1396 469 1452 aut
492 1386 664 1452 edidenmt
692 1397 747 1453 aut
775 1389 1052 1469 examinaverumt,
1086 1387 1130 1451 de

115 1492 245 1576 exegesi
267 1490 335 1576 ejus
355 1489 438 1554 bene
459 1478 576 1555 meriti
595 1491 673 1572 sint,
703 1492 845 1577 quaestio
868 1514 888 1555 a
908 1490 1034 1556 Rankio
1056 1513 1131 1577 pno-

112 1599 216 1685 posita
236 1595 341 1661 adhuc
362 1604 410 1661 est
432 1595 499 1660 fere
520 1597 648 1660 intacta.

179 1702 292 1789 Neque
314 1723 374 1787 ego
392 1702 534 1767 omnium
551 1700 831 1786 investigationem
851 1703 1011 1768 rationum
1032 1711 1130 1788 atque

113 1805 391 1888 necessitudinum,
414 1826 495 1891 quae
516 1807 606 1892 poesi
619 1805 800 1871 Hesiodeae
815 1828 889 1872 cum
911 1807 1131 1872 etHomerica

38 1948 68 1985 a
116 1920 148 1977 et
167 1911 380 1998 posteriorum
405 1919 586 1996 temporum
617 1912 707 1997 poesi
735 1911 949 1995 intercedant,
978 1934 1064 1977 nuno
1093 1921 1132 1976 ut

116 2039 271 2083 summam
301 2015 522 2101 disputationis
553 2015 632 2080 mihi
667 2017 795 2103 sumpsi.
846 2017 931 2082 Nam
958 2018 1017 2081 etsi
1044 2017 1131 2083 huno

115 2119 238 2202 locum,
259 2119 294 2181 in¹
314 2139 377 2202 quo
395 2117 520 2203 judicia
543 2117 583 2182 de
605 2119 737 2202 singulis
758 2118 865 2184 multis
886 2129 1049 2208 tamquam
1060 2123 1132 2186 fim-

117 2223 265 2289 damento
288 2243 344 2285 suo
365 2221 526 2303 nitimtur,
554 2242 619 2286 non
640 2222 734 2309 plane
766 2223 942 2309 praeterire
969 2232 1132 2310 poteram:

115 2338 223 2393 tamen
244 2324 279 2390 id
300 2326 440 2390 maxime
462 2325 555 2391 huius
577 2328 850 2392 commentationis
878 2348 947 2414 esse
971 2329 1131 2393 existima·

116 2432 207 2512 bam,
238 2437 275 2494 ut
302 2430 337 2493 in
363 2429 590 2515 compositione
625 2429 769 2516 Operum
797 2438 829 2494 et
857 2430 993 2495 Dierum
1021 2431 1133 2520 explo-

117 2533 222 2599 randa
240 2533 466 2619 sententiisque
481 2531 522 2596 de
534 2531 620 2608 loeis,
643 2533 698 2619 qui
718 2532 950 2600 dubitationem
972 2546 1131 2619 moveant,

117 2638 258 2704 ferendis
279 2639 421 2725 saepius,
453 2659 549 2724 quam
576 2638 681 2704 adhuc
710 2638 829 2703 factum
856 2648 920 2714 est,
950 2649 982 2704 et
1007 2650 1132 2706 ceteras

117 2743 253 2808 nominis
274 2740 430 2807 Hesiodei
450 2740 600 2827 reliquias
618 2750 650 2806 et
667 2741 814 2806 carmina
834 2742 1008 2809 Homen’ca
1029 2745 1063 2807 in
1078 2745 1133 2831 ju·

120 2847 240 2911 dioium
260 2867 418 2909 vocarem.
461 2844 591 2910 Etenim
611 2845 797 2934 opuseulum
818 2868 925 2912 meum
953 2847 1033 2912 nihil
1062 2862 1131 2913 esse

119 2950 188 3016 vult
207 2951 269 3013 nisi
289 2949 429 3035 prolusio
450 2951 670 3036 quaestionum
689 2950 874 3017 uberiorum
900 2950 940 3016 de
967 2954 1132 3038 cogitandi

120 3053 339 3139 sentiendique
360 3055 483 3119 ratione
505 3063 537 3119 et
559 3065 627 3121 aste
647 3057 774 3144 poetica
794 3052 930 3123 Hesiodi
950 3080 1054 3144 neque
1067 3061 1134 3125 cui-

121 3178 217 3244 quam
236 3158 338 3242 magis
358 3178 453 3243 quam
473 3157 552 3222 mihi
573 3181 759 3247 persuasum
781 3168 828 3224 est
848 3159 959 3243 multa,
982 3184 1064 3248 quae
1078 3163 1134 3229 hio

122 3271 215 3327 erunt
239 3258 448 3348 proferenda,
479 3270 548 3326 tum
578 3262 706 3327 demum
734 3285 793 3349 pro
822 3265 918 3328 certis
948 3265 1141 3353 exploratis·¹

123 3387 184 3452 que
205 3364 355 3431 habenda
376 3387 458 3449 esse,
491 3388 588 3453 quum
614 3367 692 3432 mihi
721 3366 859 3432 eundem
893 3389 1020 3433 cursum
1045 3370 1135 3438 illino

123 3490 195 3534 orso
217 3477 249 3533 et
273 3469 390 3533 iterum
418 3490 546 3536 emenso
577 3471 712 3557 probata
741 3479 773 3534 et
805 3472 991 3536 confirmata
1022 3479 1139 3543 consti·

124 3575 229 3637 terint.

187 3675 304 3741 Libros
317 3697 436 3760 eorum,
458 3677 513 3764 qui
534 3675 616 3740 hanc
638 3677 805 3741 materiam
822 3662 1054 3766 tractavenmt,¹
1070 3684 1138 3771 ple-

124 3801 238 3865 rosque
260 3778 429 3864 diligenter
450 3778 586 3866 perlegi3
609 3799 690 3863 quae
711 3778 773 3842 illis
793 3778 912 3863 debeo,
940 3783 974 3846 in
995 3783 1157 3875 acceptis

123 3882 231 3964 retuli,
251 3904 292 3946 ne
313 3881 360 3947 ibi
382 3882 511 3968 quidem
520 3882 701 3948 nominibus
713 3882 830 3966 celatis,
850 3884 907 3949 ubi
918 3907 1013 3972 quem
1023 3889 1092 3954 sive
1104 3897 1139 3958 in

125 3984 259 4049 eandem
279 3987 347 4051 sive
368 3985 504 4049 similem
516 3987 704 4050 sententiam
721 3987 870 4052 incidisse
883 3993 998 4077 reperi.
1041 3993 1140 4074 Quod

125 4090 152 4152 si
163 4110 226 4153 uno
238 4088 399 4175 alteroque
412 4088 483 4154 loco
498 4091 623 4155 incuria
638 4113 702 4157 non
723 4092 862 4175 fecerim,
885 4095 953 4181 ejus
971 4097 1019 4161 rei
1041 4099 1141 4166 etiam

125 4201 219 4277 atque
241 4194 337 4257 etiam
359 4194 597 4280 excusationem
617 4202 700 4280 peto.
749 4193 830 4259 Sunt
851 4206 956 4263 autem
977 4199 1023 4262 illi
1045 4199 1148 4271 libii:¹
