2864 5114
762 409 805 476 30
907 358 934 411 0

279 589 312 647 et
330 580 454 644 animus
473 578 660 666 tranquillus
681 582 907 650 contentiorem
934 576 1075 649 reddant
1094 579 1208 661 Perse,
1237 579 1289 644 cui

271 685 354 768 Ἔρις
374 681 567 767 κακόχαριος
587 685 726 770 quietem
748 686 853 751 aufert
873 694 905 750 et
926 685 1051 750 ruinam
1065 684 1113 749 rei
1125 680 1290 748 familiaris

277 788 425 854 minstru.
477 786 527 851 Ao
560 809 655 853 versu
688 790 727 852 41
760 788 848 854 locus
880 787 921 853 de
956 787 1110 876 injustitia
1141 785 1290 873 judicum

277 894 368 981 quasi
389 893 423 957 in
443 891 588 957 acrdeum
619 895 835 960 acutissimum
869 894 950 958 exit:
988 896 1092 956 omaso
1121 890 1194 954 licet
1221 890 1289 952 eri-

275 1000 376 1081 piant,
406 1017 468 1060 ooo
506 1001 638 1079 eripient
656 1003 788 1064 malcum
814 991 1061 1082 chsphodelum
1098 1014 1195 1078 eoque
1217 995 1290 1056 midi

276 1106 329 1168 cel
343 1099 410 1184 μέγ’
431 1101 539 1185 ὄνειαρ
559 1113 639 1165 suat.
683 1102 950 1169 Commemoratio
975 1101 1089 1167 harum
1109 1098 1289 1187 plantarum

175 1238 190 1268 ι
277 1207 463 1292 agrestium,
485 1204 601 1292 quibus
623 1207 762 1272 mendici
782 1210 883 1273 vitam
905 1228 1001 1292 aegre
1015 1204 1202 1286 tolerabant,
1223 1223 1290 1266 πα-

276 1308 414 1398 ράδοξος
434 1307 490 1374 illa
509 1309 638 1399 quidem
660 1321 710 1376 est
729 1321 761 1376 et
781 1312 876 1400 plena
891 1311 1048 1377 irrisionis
1064 1306 1289 1381 acerbissimae

277 1437 381 1502 neque
412 1436 489 1479 vero
515 1413 760 1501 αἰνιγματώδης,
793 1416 852 1482 sed
879 1416 1013 1482 Graecis
1034 1436 1086 1479 res
1110 1412 1289 1478 notissimas

278 1519 313 1583 in
331 1525 469 1582 mentem
489 1519 653 1582 revocavit
673 1517 770 1600 (haud
792 1518 953 1585 dissimilis
973 1517 1036 1583 illis
1063 1518 1205 1590 Warsela
1226 1518 1291 1578 aad

279 1624 396 1686 Beereo
423 1621 457 1684 in
489 1619 605 1713 fabulis
633 1630 665 1686 et
692 1621 836 1707 legendis
862 1624 1001 1709 nostris),
1037 1643 1120 1710 quae
1150 1619 1290 1707 explica·
1339 1629 1341 1633 '

277 1726 363 1790 tione
383 1723 630 1812 haudquaquam
651 1726 849 1814 indigebant·

338 1828 471 1893 Minime
492 1838 600 1894 autem
620 1833 760 1896 omnium
782 1852 853 1896 eam
875 1828 1120 1918 explicationem
1146 1825 1290 1891 invenies

274 1933 435 2021 incapite
457 1932 667 2001 dePandora
693 1958 745 2001 vv,
766 1936 918 2001 42-105
948 1935 1059 2021 (ejecto
1083 1954 1103 1996 a
1131 1932 1289 1996 Twesten.

277 2035 338 2101 Li
367 2059 398 2122 p.
421 2036 563 2120 15-21,
593 2061 623 2102 v.
645 2039 742 2103 etiam
772 2059 854 2125 quae
881 2038 1086 2104 subtilissime
1115 2033 1290 2122 disputavit

276 2164 307 2228 p.
328 2141 380 2205 28.
402 2140 443 2204 29
466 2148 497 2203 et
519 2139 731 2226 a··(}iitt}ing.).
775 2142 875 2229 Cujus
897 2142 1010 2229 capitis
1029 2142 1063 2204 in
1083 2139 1290 2204 commissura

278 2243 450 2330 quippositi
467 2249 555 2324 sunt,
575 2265 628 2306 vv.
648 2243 792 2328 ‹ro-42,
823 2245 943 2332 triplici
969 2246 1093 2310 ratione
1121 2242 1162 2307 ab
1191 2243 1289 2305 inter·

276 2348 419 2436 pretibus
441 2355 512 2423 sunt
532 2345 693 2413 intellecti.
742 2348 888 2436 Namque
917 2348 1018 2414 verba
1046 2346 1111 2432 ὅσῳ
1125 2343 1223 2410 πλέον
1247 2382 1285 2391 m

277 2453 385 2537 ὄνειαρ
407 2461 462 2517 aut
483 2450 526 2516 ad
546 2473 598 2516 res
618 2451 753 2519 Hesiodi
774 2461 917 2541 spectant
938 2452 1056 2519 autad
1073 2448 1220 2539 judicum
1233 2456 1290 2513 aut

278 2558 321 2631 ad
342 2558 460 2622 Persae
480 2557 588 2621 vitam.
644 2557 688 2621 Et
710 2560 854 2646 aprima
876 2557 1005 2645 quidem
1030 2558 1167 2639 ratione,
1193 2574 1306 2640 quam

182 2661 186 2668 ’
277 2663 372 2726 etiam
406 2682 464 2727 nos
491 2662 592 2726 secuti
624 2683 747 2746 sumus,
776 2662 937 2750 profectus
957 2661 1148 2728 Welckerus
1174 2655 1290 2740 (aesch.

278 2766 355 2833 Tril.
361 2789 392 2854 p.
400 2767 442 2833 73
451 2768 526 2848 not.)
537 2775 623 2831 recte
637 2767 685 2831 ita
692 2769 840 2854 exposuit
855 2768 1083 2832 sententiarum
1095 2770 1289 2842 contextum,

276 2881 313 2936 ut
333 2894 363 2936 v.
381 2871 425 2935 42
447 2869 549 2934 dicat:
576 2891 646 2933 acm
664 2874 735 2952 plac
756 2876 858 2937 malou
880 2883 909 2935 et
931 2870 1096 2952 asphodelo
1118 2877 1202 2930 terra
1217 2870 1303 2946 jam·

276 2997 337 3040 noa
360 2978 489 3058 lorqitur
509 2978 576 3037 sine
597 2976 694 3054 culta,
719 2996 814 3058 quare
835 2978 897 3040 illis
920 2985 1086 3039 carleolum
1100 2991 1168 3034 ecce
1191 2988 1288 3051 opor-

276 3091 341 3144 tet..
374 3077 419 3144 At
440 3080 486 3143 sic
506 3099 632 3164 quoque
653 3102 683 3144 v.
703 3079 747 3143 42
766 3101 834 3188 qqq.
861 3100 925 3143 non
952 3078 1053 3144 solum
1083 3096 1190 3140 omnes
1218 3094 1291 3137 ner—

274 3202 331 3249 vos
352 3182 429 3247 v.41
453 3181 611 3267 frangimt,
633 3182 690 3248 sed
711 3185 807 3248 etiam
818 3192 961 3271 pugnant
974 3205 1047 3248 cum
1057 3180 1121 3246 illo.
1164 3178 1290 3264 Nempe

275 3289 303 3352 si
323 3285 431 3351 melsa
451 3293 484 3349 et
503 3285 692 3372 asphodelus
712 3286 765 3352 vel
787 3287 942 3375 cupediae
963 3297 1051 3369 sunt,
1078 3283 1208 3348 minime
1240 3303 1290 3345 re

275 3390 422 3456 conditus
444 3397 491 3454 est
511 3391 629 3471 metus,
660 3392 706 3455 ut'
720 3413 785 3455 non
805 3392 905 3478 possit
935 3391 998 3453 nisi
1028 3387 1138 3453 labore
1160 3383 1289 3450 assiduo

275 3495 398 3582 parari:
418 3494 516 3558 immo
537 3516 578 3558 ne
598 3493 678 3558 illud
699 3495 830 3580 quidem
1076 3476 1078 3481 ⁴

362 3594 488 3682 ῥηιδίως
508 3597 569 3682 γάρ
592 3617 646 3659 κεν
666 3601 720 3658 καὶ
739 3595 797 3660 ἐπ’
817 3597 939 3681 ἤματι
960 3594 1140 3675 ἐργάσσαιο,

362 3700 436 3774 circs
458 3707 492 3762 σέ
511 3698 537 3761 κ’
558 3700 618 3773 εἰς
638 3699 830 3764 ἐνιαυτὸν
850 3701 933 3781 ἔχειν
953 3703 1008 3762 καὶ
1029 3696 1144 3780 ἀεργὸν
1163 3692 1259 3758 ἐόντα

276 3803 430 3891 estquod
452 3803 665 3887 desideretur,
697 3803 754 3868 sed
781 3803 902 3869 homini
934 3802 1146 3888 frugalissimo
1164 3798 1289 3886 paucis·

275 3933 337 3996 que
360 3918 521 3991 contento,
544 3909 585 3973 de
608 3932 671 3996 quo
692 3931 756 3974 uno
777 3909 863 3973 valet
883 3931 914 3972 v.
934 3908 991 3990 41,
1012 3904 1122 3969 labore
1144 3899 1226 3990 opus
1242 3911 1292 3967 est

275 4015 401 4079 omnino
432 4013 527 4079 nullo.
582 4014 631 4077 Ne
661 4015 731 4101 quis
760 4012 846 4078 dicat
872 4035 942 4077 eam
973 4009 1161 4075 sententiam
1177 4029 1224 4071 ·v.
1243 4007 1287 4071 41

275 4119 381 4183 omnia
401 4118 537 4183 Hesiodi
558 4127 729 4205 praecepta
766 4115 981 4202 agriculturae
1006 4123 1125 4179 utnon
1145 4133 1290 4175 necessa-

273 4226 323 4289 ria
344 4223 485 4288 funditus
498 4231 658 4290 evertere.
688 4221 887 4299 ‚Fluxerunt
918 4220 1002 4283 enim
1032 4218 1086 4283 illa
1116 4214 1217 4281 verba
1246 4237 1290 4279 ex
