2864 5114
830 577 872 642 54

349 749 404 832 gia
431 756 554 812 mature
582 748 769 830 cessaverit,
795 748 829 812 in
854 747 946 812 Ionia
967 747 994 811 si
1016 748 1119 812 minus
1140 756 1280 834 potestas
1301 748 1361 815 sal·

350 858 414 914 tem
428 852 551 938 species
571 874 609 917 ae
630 874 746 918 nomen
769 851 888 917 diutius
907 851 1054 916 tenuerit.

414 954 546 1020 Minime
578 965 684 1022 autem
720 956 861 1020 omnium
894 953 1055 1019 Hesiodus
1088 955 1134 1020 ita
1161 956 1195 1020 in
1225 955 1362 1024 duarum

351 1061 556 1146 periodorum
585 1061 721 1127 confinio
744 1069 792 1126 est
821 1061 956 1146 positus,
987 1069 1023 1125 ut
1052 1081 1094 1124 ex
1121 1062 1262 1126 carmine
1293 1062 1362 1149 ejus

351 1167 429 1250 „der
450 1169 605 1234 bewusste
626 1168 822 1254 Uebcrgang
849 1190 907 1232 zur
928 1165 1117 1232 friedlicben
1138 1166 1364 1233 (lultrrrbcthtt

351 1273 483 1357 tigmgr‘
504 1281 665 1358 appareat.
693 1273 759 1354 Qui
780 1273 930 1338 transitus
953 1272 1081 1336 omnino
1102 1293 1167 1336 non
1188 1281 1256 1336 erat
1271 1271 1363 1353 alius,

351 1375 413 1439 nisi
447 1383 482 1440 ut
507 1385 579 1462 post
610 1385 747 1441 aetatem
776 1374 936 1449 heroicam
965 1383 998 1440 et
1023 1383 1107 1439 artes
1129 1382 1161 1440 et
1181 1383 1364 1440 mercatus

352 1477 546 1565 aliquantum
569 1490 776 1566 augerentur,
806 1501 909 1566 neque
930 1487 1038 1542 tamen
1058 1478 1180 1543 idcirco
1202 1476 1290 1543 bella
1310 1477 1364 1561 lie

352 1593 423 1648 rent
443 1605 524 1671 rara
575 1583 641 1649 Sed
668 1607 709 1649 ne
737 1584 798 1650 hoo
826 1583 955 1670 quidem
985 1583 1101 1647 artium
1129 1574 1363 1649 incrementum

351 1686 415 1751 ullo
436 1687 531 1753 modo
555 1687 765 1755 demonstrari
784 1688 861 1754 licet
881 1710 923 1752 ex
936 1686 1094 1771 Hesiodo,
1116 1688 1171 1774 qui
1192 1688 1226 1751 in
1247 1688 1365 1774 Operi-

351 1789 411 1855 bus
433 1800 465 1856 et
484 1792 609 1857 Diebus
629 1815 726 1859 unam
747 1792 974 1878 agriculturam
996 1790 1209 1874 commendet,
1230 1792 1383 1878 naviga,

351 1897 469 1962 tionem
492 1921 530 1961 ac
551 1909 765 1965 mercaturam
787 1922 829 1964 ex
849 1908 915 1965 toto
938 1899 1043 1964 animo
1070 1898 1248 1985 improbet,
1278 1902 1365 1964 artes

352 2003 409 2066 vix
430 2014 727 2083 commemorabat
748 2027 787 2070 ea
809 2026 890 2090 quae
910 2005 944 2067 in
965 2003 1160 2068 carminibus
1180 2003 1364 2068 Homericis
1387 2069 1396 2081 ,

352 2128 416 2170 non
445 2105 586 2172 consulto
617 2106 675 2171 sed
704 2106 779 2171 data
808 2107 973 2171 occasione
999 2107 1118 2192 passim
1147 2106 1362 2193 proferuntur,

353 2207 405 2272 vel
425 2209 523 2274 multo
542 2210 724 2275 uberiorem
746 2232 855 2276 earum
876 2233 984 2277 rerum
1004 2211 1170 2275 scientiam
1183 2210 1276 2288 nobis
1291 2233 1363 2297 sup·

353 2312 504 2399 peditent.
547 2313 659 2401 Neque
681 2315 813 2383 mirum:
835 2316 905 2401 jam
935 2315 1020 2378 enim
1045 2316 1197 2380 vixerunt
1217 2324 1364 2382 auctores

354 2419 387 2480 in
409 2400 522 2481 mediis
544 2418 633 2503 quasi
648 2417 801 2491 ,fluctibus
822 2417 997 2488 industriae
1018 2420 1120 2507 iisque
1146 2419 1240 2504 locis,
1275 2420 1362 2486 unde

354 2519 408 2584 illa
428 2521 565 2608 primum
587 2522 618 2584 in
641 2522 822 2591 universam
845 2521 1016 2587 Graeciam
1039 2521 1240 2592 redundavit.

419 2624 542 2714 Quodsi
562 2624 667 2697 adhuc
696 2635 783 2692 reete
806 2628 1022 2716 judicavimus
1049 2627 1089 2693 de
1111 2626 1242 2715 consilio
1264 2626 1297 2695 ct
1317 2652 1367 2694 ra-

355 2730 440 2794 tione
461 2734 564 2817 poesis
586 2731 783 2816 Hesiodeae,
817 2732 918 2819 qualis
948 2734 982 2797 in
1004 2731 1166 2820 Operibus
1187 2743 1219 2799 et
1233 2734 1367 2815 ,Diebus

330 2816 415 2918 θεῖ,
447 2837 577 2922 ejusque
598 2837 640 2902 ab
660 2837 833 2902 Homerica
853 2839 942 2923 poesi
965 2837 1194 2924 discrepantia:
1210 2839 1279 2925 jam
1302 2861 1368 2904 ma-

355 2942 503 3006 nifestum
530 2943 605 3023 erit,
639 2964 735 3028 quam
768 2942 912 3009 diversus
944 2944 986 3007 sit
1019 2965 1129 3008 sensus
1158 2965 1196 3007 ae
1225 2943 1368 3031 spiritus,

356 3066 450 3131 quem
477 3044 564 3112 idem
592 3043 646 3109 ille
669 3045 830 3111 Hesiodus
854 3047 888 3109 iu
915 3048 1055 3110 carmine
1081 3054 1221 3110 aetatrm
1254 3045 1367 3111 mundi

358 3151 463 3214 animo
491 3149 681 3235 conceperit
723 3150 799 3216 Jam
821 3151 1062 3239 enim-apparet
1083 3149 1183 3215 altera
1203 3173 1278 3237 pars
1298 3152 1370 3238 ejus

357 3254 452 3334 vitae,
469 3252 538 3338 jam
560 3253 651 3337 quasi
672 3262 720 3317 est
740 3250 863 3328 αόιδός,
878 3254 1053 3319 aemulator
1067 3262 1178 3319 cantus
1192 3254 1369 3338 Homerici,

358 3357 511 3420 memoria
531 3363 711 3442 temporum
731 3358 976 3443 praeteritorum
990 3357 1215 3439 inflammatus,
1236 3376 1369 3424 aversus

358 3483 378 3525 a
400 3461 483 3524 curis
504 3460 697 3547 quotidianis
716 3483 823 3540 rerum
844 3465 1066 3550 praesentium.
1104 3462 1149 3527 Et
1173 3463 1370 3549 ipsum-car·

358 3586 431 3629 men
446 3563 628 3631 habendum
640 3575 687 3630 est
699 3567 733 3631 in
749 3567 969 3653 pulcherrimis
987 3567 1121 3633 Hesiodi
1135 3567 1286 3654 reliquiis,
1305 3568 1370 3633 nisi

360 3669 505 3735 omnibus
526 3680 573 3735 est
593 3670 858 3757 anteponendum.
900 3672 973 3735 Non
995 3671 1096 3737 solum
1119 3672 1202 3736 enim
1221 3679 1370 3735 ornatum

359 3773 520 3858 poeticum
528 3771 688 3838 Hesiodus
700 3771 763 3856 hio,
777 3782 812 3837 ut
825 3795 877 3837 res
890 3773 1022 3856 ferebat,
1044 3773 1171 3839 omnino
1186 3771 1370 3871 uberiqrem

361 3899 455 3963 quam
477 3877 510 3940 in
532 3876 691 3965 Operibus
717 3886 749 3942 et
775 3877 901 3943 Diebus
929 3880 1025 3965 inque
1054 3875 1198 3964 episodio
1223 3876 1265 3941 de
1285 3877 1370 3967 Pan-

362 3979 440 4045 dora
461 3977 619 4061 adhibuit,
647 3978 704 4045 sed
735 4002 776 4044 ne
808 4002 931 4047 summa
959 3980 1088 4068 quidem
1110 3980 1208 4043 animi
1230 4001 1370 4048 commo

360 4085 445 4149 tione
471 4086 505 4148 in
531 4084 723 4150 carminibus
758 4084 820 4150 illis
850 4085 979 4151 effertur
1010 4083 1053 4148 ad
1081 4092 1202 4149 tantm
1232 4085 1370 4172 copiam,

361 4187 593 4269 sublimitatem,
604 4189 793 4272 gravitatem
804 4177 965 4275 animique
978 4187 1238 4274 magnitudinem,
1249 4197 1371 4275 quanta

265 4371 268 4379 Ι
361 4292 420 4356 hoe
442 4313 570 4360 carmen
591 4299 639 4356 est
661 4292 721 4356 insi
765 4291 1369 4378 e(ef.-‚e.·g.112-190um·227-

361 4393 607 4476 373176-201
634 4416 705 4461 eum
748 4394 864 4477 00-4,
882 4395 1015 4477 23839,
1037 4393 1216 4474 248-62).
1259 4392 1370 4482 Atque
