2864 5114
813 383 925 466 18,

277 600 280 622 .
390 552 518 617 Etenim
530 551 668 616 omnium
691 549 758 614 lere
779 551 943 615 nationum
958 550 1137 638 scriptores,
1158 571 1222 638 quo
1236 548 1345 635 magis

198 627 207 689 .'
328 655 482 721 recedunt
499 663 643 740 tempora
664 677 684 718 a
704 653 906 741 simplicitate
927 663 1077 740 naturae,
1103 678 1141 721 eo
1163 655 1267 742 magis
1288 651 1343 719 vel

328 761 450 826 facetiis
478 759 650 824 verborum
666 749 733 823 'vel
761 760 919 845 gravitate
950 761 1178 846 sententiisque
1203 759 1244 824 de
1263 757 1345 824 locis

329 864 549 929 communibus
586 862 793 946 ¹delectantur
830 885 1002 950 eorumque
1046 863 1215 929 dulcedine
1253 862 1344 949 capti

328 969 499 1034 sententiaa
528 975 561 1033 et
590 967 762 1054 proverbia
782 968 915 1033 nimium
936 969 971 1033 in
991 967 1138 1045 modum,
1166 967 1223 1032 ubi
1246 965 1344 1031 datur
1375 952 1377 957 ’

328 1073 470 1155 occasio,
491 1070 693 1154 accumulare
714 1070 851 1135 student.
894 1071 968 1153 Qua
989 1072 1024 1136 iu
1046 1093 1082 1135 re
1103 1070 1138 1135 id
1157 1070 1263 1157 ipsum
1287 1090 1343 1135 eos

328 1176 439 1261 fugere
467 1174 562 1257 solet,
596 1175 629 1237 in
659 1195 721 1261 quo
751 1196 829 1239 vera
855 1162 905 1239 vis
933 1177 1161 1240 sententiatum
1180 1174 1342 1239 bonarum

329 1289 377 1345 est
397 1279 515 1365 posita,
538 1300 620 1363 quae
641 1278 750 1343 verbis
771 1279 882 1366 paucis
904 1279 1038 1345 multum
1060 1280 1249 1367 aperientes,
1270 1286 1341 1344 tum

332 1383 460 1449 demum
482 1383 604 1447 animos
624 1381 822 1447 audientium
842 1383 1034 1469 percellunt,
1056 1406 1154 1471 quum
1175 1384 1342 1470 inopinato

328 1486 468 1574 prolatae
490 1507 566 1567 rem,
589 1484 630 1551 de
653 1509 716 1572 qua
737 1489 850 1572 agitur,
873 1488 960 1553 clara
982 1498 1014 1554 et
1035 1491 1126 1575 quasi
1138 1489 1244 1555 subita
1264 1487 1339 1553 luee

328 1592 491 1657 illustrant.
540 1589 663 1670 Quodsi
691 1589 744 1653 vel
773 1591 929 1676 ingeniosi
958 1594 1129 1678 scriptores
1156 1602 1340 1679 temporum

328 1696 463 1775 illorum,
484 1702 520 1758 ut
540 1693 715 1781 Euripides
737 1702 769 1758 et
790 1694 965 1779 Sallustius,
987 1695 1153 1784 captandis
1173 1695 1342 1760 sententiis

252 1834 255 1854 ι
327 1801 451 1891 pondus
468 1801 618 1865 orationis
636 1798 789 1881 minuunt,
806 1800 875 1885 jam
897 1802 1080 1888 imperitum
1100 1799 1215 1885 vulgus
1229 1822 1342 1866 amore

326 1907 452 1971 illarum
472 1903 634 1968 inducitur
655 1924 719 1966 non
739 1901 840 1981 solum
861 1904 904 1969 ad
922 1901 1163 1990 exaggerandas
1179 1924 1243 1987 eas,
1264 1924 1342 1990 qua·

327 2032 399 2074 rum
430 2006 493 2071 alia
520 2005 617 2070 nihilo
651 2006 722 2092 plus
754 2007 833 2072 dicit
862 2009 942 2092 alia,
969 2008 1027 2074 sed
1061 2010 1156 2074 etiam
1188 2007 1231 2072 ad
1267 2029 1341 2073 con·

326 2110 516 2194 nectendas,
544 2132 626 2195 quae
653 2133 717 2175 uno
745 2113 973 2180 vocabulorum
994 2113 1189 2180 vibrantium
1209 2111 1342 2177 vinculo

328 2216 499 2281 cohaerent
525 2198 650 2299 (Lehrs
679 2221 798 2299 quaest.
827 2220 907 2303 epic.
935 2242 966 2304 p.
992 2216 1081 2305 218).
1131 2214 1292 2303 Exempla
1322 2237 1340 2280 c

329 2321 468 2408 cujusvis
488 2318 623 2382 nationis
644 2315 744 2382 literis
765 2319 879 2384 afferre
900 2343 965 2386 non
986 2321 1047 2385 erit
1064 2312 1198 2401 difficile
1211 2318 1260 2403 iis,
1283 2320 1340 2406 qui

328 2425 441 2489 harum
462 2443 568 2486 rerum
590 2420 665 2484 satis
685 2420 781 2506 periti
803 2432 883 2488 sunt
916 2424 1083 2506 Quaedam
1095 2424 1227 2511 protulit
1239 2423 1341 2490 Lehr

190 2587 197 2599 ,
328 2528 393 2592 sius
414 2524 447 2606 (l.
468 2524 488 2588 l.
509 2548 540 2610 p.
561 2523 650 2608 219),
682 2524 760 2588 milri
794 2524 889 2592 liceat
916 2529 1091 2593 carminum
1119 2526 1275 2591 Indorum
1308 2537 1340 2593 et

329 2629 413 2716 epici
434 2628 612 2713 argumenti
634 2635 666 2692 et
688 2626 840 2695 didactici
860 2630 1042 2714 admonere,
1064 2631 1121 2696 ubi
1143 2629 1179 2694 id
1196 2630 1341 2697 stadium

327 2731 415 2798 haud
435 2734 501 2797 scio
528 2754 570 2796 an
598 2730 722 2817 lougius
748 2737 938 2818 precesserit
959 2758 1056 2823 quam
1077 2756 1218 2822 usquam.
1261 2736 1337 2802 Non

329 2838 474 2902 inficetas
494 2835 580 2901 lusus
601 2837 827 2923 sententiarum
848 2841 894 2904 ita
906 2841 1075 2920 institutus,
1095 2847 1132 2904 ut
1144 2837 1337 2905 vocabulum

328 2943 459 3007 vibrans
480 2941 595 3027 prioris
615 2942 765 3041 proxima
786 2945 975 3031 excipiatur,
998 2944 1138 3009 occurrit
1150 2943 1185 3007 in
1198 2942 1340 3009 Mulierii

328 3044 493 3111 comoedia
513 3043 543 3107 le
564 3042 658 3107 festin
679 3043 719 3108 de
742 3046 848 3131 pierre
870 3056 930 3112 act
943 3048 984 3112 V.
1006 3069 1048 3112 sc.
1066 3042 1105 3112 ῚΙ
1126 3053 1209 3111 extr.

391 3148 463 3212 Hae
492 3147 613 3211 ratione
641 3145 760 3212 factum
790 3158 854 3233 est,
886 3160 922 3216 ut
949 3151 1084 3216 lectores
1112 3147 1230 3236 (neque
1256 3150 1340 3217 ullos

328 3252 434 3340 potius
459 3250 628 3336 suspiceris
659 3273 756 3336 quam
775 3250 927 3338 Atticos),
959 3253 1074 3341 quibus
1104 3276 1218 3340 parum
1247 3253 1340 3342 larga

327 3379 424 3422 manu
442 3353 603 3420 Hesiodus
624 3360 794 3423 sententias
815 3360 967 3445 sparsisse
988 3357 1170 3440 videretur,
1198 3357 1261 3443 ipsi
1282 3369 1340 3424 aut

327 3459 428 3525 verba
448 3458 531 3523 illius
552 3460 707 3524 sententia
729 3461 940 3550 qualicunque
962 3462 1149 3527 confirmare
1171 3461 1339 3528 studerent

298 3611 300 3616 -
329 3560 394 3649 (vv.
415 3561 524 3626 2526.
545 3562 596 3626 93.
618 3562 755 3651 21611)
777 3576 832 3630 aut
860 3567 1023 3632 sententiis
1051 3563 1222 3631 Hesiodeis
1248 3565 1339 3632 locos

328 3663 495 3754 parallelos
525 3664 744 3731 adscriberent
774 3673 839 3751 (vv.
860 3670 933 3735 308.
960 3670 1034 3735 311.
1062 3668 1135 3734 352.
1163 3667 1236 3733 355.
1263 3669 1339 3736 579.

328 3769 451 3835 58081
476 3768 514 3832 cs.
536 3769 598 3836 Od.
620 3791 638 3830 o
660 3769 715 3857 74)
745 3780 800 3836 aut
827 3771 964 3860 denique
996 3772 1166 3837 sententias
1192 3776 1340 3856 quamvis

329 3874 448 3938 diversi
468 3894 577 3939 sensus
597 3884 728 3961 propter
740 3877 888 3942 vocabuli
906 3877 1062 3943 vibrantis
1078 3865 1340 3945 communitatem

327 3979 538 4066 adjungerent
563 3984 625 4059 (vv.
647 3979 720 4042 317.
749 3979 822 4044 318.
855 3982 927 4046 319.
955 3981 1028 4046 346.
1058 3979 1131 4044 347.
1157 3979 1231 4044 348.
1263 3982 1338 4048 356.

327 4082 400 4148 365.
412 4081 498 4169 825).
540 4079 593 4146 Ab
614 4083 691 4167 ipsis
708 4083 793 4146 enim
814 4083 1093 4171 interpolatoribus
1104 4081 1192 4146 nulla
1207 4087 1339 4154 omnino

329 4186 483 4253 sententia
503 4183 631 4249 videtur
652 4207 720 4250 esse
742 4189 931 4272 excogitata,
953 4188 1125 4274 pleraeque
1146 4189 1216 4253 sine
1237 4191 1340 4261 dubio
