2864 5114
830 443 911 538 m

345 644 399 718 λος
419 641 615 720 ἐξελθοῦσα,
656 635 686 704 v.
710 642 773 706 259
799 641 920 706 aditum
956 640 998 704 ad
1026 641 1142 705 Jovem
1178 641 1207 704 ei
1235 661 1362 724 semper

345 752 455 838 patere
478 748 634 812 declarat:
666 746 701 809 id
723 746 809 832 quod
830 745 883 809 hic
904 747 1044 810 maxime
1065 744 1159 809 valeta
1180 743 1224 808 ad
1247 743 1361 808 docen-

344 851 431 935 uum,
459 839 581 938 quanto
598 851 740 938 potentia
760 849 844 914 illius
865 850 917 914 vel
937 851 1087 915 maximis
1109 848 1264 914 nobilium
1295 850 1362 935 opi-

209 986 211 991 *
344 956 404 1020 bus
426 966 573 1043 praestet.

410 1060 471 1123 Vv.
493 1060 615 1125 261.62
638 1059 791 1123 Lehrsius
827 1057 856 1138 (l.
879 1058 898 1122 l.
920 1080 951 1143 p.
973 1057 1048 1140 242)
1070 1058 1135 1141 hic,
1164 1060 1239 1142 „ubi
1268 1082 1361 1144 reges
1412 1108 1417 1119 .

345 1161 556 1228 admonentur
578 1173 610 1226 et
631 1156 858 1244 deterrentur“,
879 1161 1003 1247 ineptos
1026 1183 1093 1226 esse
1111 1161 1286 1248 judicavit}
1316 1162 1361 1226 At
1383 1220 1386 1226 .

346 1268 521 1330 communis
543 1266 669 1330 illorum
690 1274 870 1351 temporum
900 1264 1007 1350 opinio
1030 1274 1099 1329 erat
1127 1265 1220 1330 simul
1252 1267 1360 1352 puniri

345 1369 498 1456 populum
513 1373 736 1457 principesque
748 1369 872 1451 (A142.
895 1374 931 1431 Π
939 1368 1099 1433 386--92,
1109 1370 1148 1434 cf.
1161 1370 1254 1434 Pind.
1264 1369 1360 1455 Pyth.

345 1473 422 1554 XII,
447 1473 508 1557 12),
530 1497 611 1560 quae
629 1476 737 1561 opinio
751 1496 815 1538 non
829 1473 930 1537 solum
950 1472 1036 1558 apud
1060 1473 1202 1538 Graecos
1223 1472 1360 1556 valebat,

345 1577 403 1643 sed
416 1580 512 1643 etiam
530 1579 617 1667 ap'ud
632 1580 775 1645 Judaeos
795 1576 829 1665 (2
844 1578 929 1643 Sam.
954 1579 1005 1660 14)
1020 1588 1204 1665 ceterasque
1218 1580 1361 1645 Orientis

344 1684 497 1748 nationes.
520 1720 562 1733 -
605 1684 668 1766 „Et
689 1683 868 1768 genitivus“
891 1683 995 1768 inquit
1006 1681 1159 1748 Lehrsius
1180 1681 1361 1767 »βασιλέων
1412 1677 1416 1685 “

344 1788 527 1873 imperitum
548 1788 601 1852 vel
622 1787 833 1851 recentiorem
855 1794 1017 1851 auctorem
1034 1787 1171 1872 prodit.“
1210 1787 1360 1855 Minime:

344 1911 374 1952 v.
405 1889 519 1953 0660
551 1892 668 1953 τοκέων
696 1887 821 1977 (paucis
850 1890 996 1955 versibus
1032 1899 1104 1976 post
1135 1889 1198 1955 663
1230 1874 1382 1974 νοιιήων,’

344 2002 514 2080 utrumque
535 1974 698 2082 flagitante
720 1997 852 2079 metro),
877 1995 908 2056 Φ
929 1996 992 2060 587
1014 1998 1140 2080 τοκέων,
1162 1997 1359 2083 HymnGer·
1386 2049 1396 2061 .

345 2095 406 2160 241
429 2099 550 2174 γονέων
573 2099 694 2186 (Epigr.
715 2100 810 2164 Hom.
836 2099 886 2182 14,
910 2100 950 2163 12
972 2101 1154 2184 κεραμέων).

408 2201 483 2265 Jam
506 2204 533 2266 si
553 2205 660 2288 pergit
680 2202 846 2267 Lehrsius:
869 2205 1052 2284 „vocativus
1073 2199 1213 2283 βασιλεῖς
1233 2226 1274 2267 nc
1290 2206 1360 2291 ipse

346 2303 477 2389 quidem
498 2326 540 2367 ex
560 2327 650 2369 more
677 2313 823 2380 veterum
854 2307 1018 2392 epicorum
1051 2309 1131 2371 estt‘:
1163 2329 1223 2393 ego
1252 2331 1360 2394 quam·

346 2433 441 2496 quam
462 2433 568 2496 neque
587 2411 649 2477 hoc
671 2412 812 2478 concedo
833 2415 1059 2478 ——invenitur
1086 2416 1173 2479 enim
1194 2415 1284 2479 ⁴idem
1305 2436 1360 2480 vo-

347 2513 469 2577 cativus
490 2513 541 2578 vel
561 2516 597 2579 in
618 2522 726 2580 nostro
748 2518 889 2581 carmine
911 2539 941 2581 v.
964 2516 1027 2581 248
1043 2554 1084 2565 -
1107 2527 1215 2582 tamen
1235 2520 1361 2607 spurios

347 2637 415 2679 esse
436 2639 488 2679 vv.
510 2617 635 2682 26364
656 2617 791 2683 Lehrsio
812 2618 950 2685 libenter
969 2620 1131 2685 assentior.
1183 2621 1284 2706 Cujus
1298 2670 1300 2676 .
1312 2623 1361 2686 rei

347 2718 479 2784 alteram
505 2724 662 2786 rationem
690 2725 855 2809 perspexit
884 2723 1098 2809 Gottlingius‚
1135 2724 1262 2806 μύθους
1296 2747 1361 2789 ηοω

346 2822 471 2910 vulgari
501 2825 733 2910 significatione
767 2825 928 2892 adhibitos
959 2849 1027 2892 esse
1065 2849 1207 2892 monens:
1242 2828 1361 2914 quippe

248 2986 255 2996 ,
347 2948 428 3013 quae
451 2951 523 2994 vox
558 2931 592 2994 ni
621 2929 713 3001 fallor
743 2954 899 3018 nusquam
928 2933 989 2997 nisi
1022 2932 1062 2996 de
1093 2934 1235 2998 oratione
1264 2934 1367 3025 'paulo

337 3031 488 3117 'longiore
509 3041 663 3118 ponatur,
688 3056 753 3100 non
779 3033 819 3098 de
841 3034 993 3101 brevibus
1014 3037 1179 3100 sententiis
1195 3035 1362 3121 judicum:

346 3160 428 3223 quae
451 3140 574 3224 quotics
605 3162 669 3204 non
690 3163 747 3206 suo
773 3136 901 3206 nomine
933 3139 1021 3204 δίκαι
1054 3141 1106 3206 vel
1132 3143 1279 3225 θέμιστες
1306 3167 1362 3230 ap-

345 3241 517 3328 pellantur,
543 3266 607 3311 ωοω
637 3254 709 3309 sunt
730 3247 798 3310 misi
826 3244 905 3308 ἔπεα
937 3247 988 3327 (cf.
1019 3270 1050 3310 v.
1071 3246 1136 3310 262
1165 3246 1256 3321 δίκας
1276 3246 1362 3310 ένέ-

346 3367 501 3423 παντες,
532 3348 642 3430 μ266
675 3348 751 3423 ἔπος
777 3349 819 3414 de
851 3350 978 3416 oraculo
1010 3351 1180 3440 Tiresiae).
1230 3352 1360 3417 Deinde

346 3473 423 3515 vero
443 3451 477 3515 hi
508 3475 618 3518 versus
645 3477 769 3519 meram
795 3472 832 3518 v.*
849 3455 911 3520 248
941 3457 1162 3542 repetitionem
1199 3458 1362 3522 continent

347 3565 379 3620 et
400 3578 477 3621 sono
500 3580 556 3623 suo
577 3557 817 3644 languidissimo
840 3582 860 3623 a
882 3582 1005 3624 summa
1017 3562 1175 3646 gravitate
1186 3559 1281 3647 -hujus
1297 3560 1361 3626 loci

346 3654 462 3725 mirum
484 3671 636 3746 quantum
658 3661 848 3749 discrepant.
892 3662 998 3750 Atque
1023 3673 1059 3730 ut
1079 3666 1114 3728 in
1129 3665 1276 3730 omnibus
1290 3666 1361 3751 ejus

346 3763 472 3850 generis
494 3766 660 3832 versiculis
672 3771 770 3830 laceri
792 3772 932 3848 disperso
954 3771 1088 3862 membru
1107 3779 1217 3849 poetae
1232 3771 1362 3854 agnovi-

346 3893 430 3951 mus,
460 3872 506 3934 sic
527 3869 560 3933 hi
585 3894 711 3958 quoque
734 3893 776 3934 ex
798 3873 911 3958 pannis
933 3868 1114 3938 Homericis
1137 3880 1169 3935 et
1190 3871 1361 3938 Hesiodeis

345 3974 555 4061 inanibusque
567 3998 716 4041 versuum
731 3977 969 4063 complementis
983 3977 1105 4042 consuti
1128 3978 1207 4040 sunt.
1251 3977 1368 4050 Prima

347 4079 431 4142 enim
445 4078 547 4144 verba
567 4081 664 4141 ταῦτα
678 4077 943 4164 φολασσόμενοιο
965 4081 1124 4147 sexcentis
1138 4081 1283 4148 formulis
1294 4085 1361 4170 epi-

347 4184 392 4247 cis
406 4182 572 4247 simillimis
585 4185 742 4248 extricata
754 4185 795 4249 ab
810 4166 994 4272 eodemque,
1016 4194 1051 4250 ut
1064 4184 1200 4266 videtur,
1218 4187 1360 4274 ‘interpo-

345 4287 443 4352 latore
473 4289 607 4374 repetita
629 4297 701 4356 sunt
722 4312 751 4352 v.
774 4289 832 4353 561
858 4293 897 4353 cf.
919 4290 992 4354 491.
1043 4290 1124 4356 Cum
1149 4288 1275 4352 ἰθύνετε
1294 4292 1358 4392 pv'-
