2864 5114
674 486 784 552 73·

186 661 268 732 θους
290 656 329 723 61.
351 682 381 723 v.
398 659 427 722 9.
470 657 571 722 Porro
596 656 743 743 judicum
775 655 936 743 epitheton
958 654 1145 740 δωροφάγοι
1167 666 1198 722 61

184 762 237 827 hio
259 772 292 829 et
313 787 342 826 v.
365 763 424 827 221
448 763 555 847 inepte
577 760 748 846 repetitum
772 782 788 824 e
810 782 840 822 v.
859 760 916 841 39,
939 761 990 825 cui
1012 761 1067 824 uni
1088 769 1198 846 aptum

186 875 262 932 erat
293 867 421 932 Deinde
438 888 513 931 cum
533 863 668 927 σκολιῶν
688 861 725 926 δὲ
748 861 846 927 δικῶν
860 863 913 925 ἐπὶ
934 863 1039 944 πάγχυ
1050 863 1198 929 λάθεσθε

186 971 225 1034 cf.
245 971 357 1035 6215.
381 971 472 1057 Tyrt.
494 969 679 1056 frgm.9,17
704 967 849 1034 Schndw.
892 968 1040 1055 Denique
1058 992 1110 1034 vv.
1125 971 1197 1036 265.

177 1074 243 1160 66,
273 1075 447 1140 sententiae
479 1074 582 1139 bonae
608 1073 666 1138 sed
693 1096 722 1136 v.
745 1072 930 1159 261,plane
959 1075 1150 1156 contrariae,
1178 1098 1198 1140 a

186 1179 357 1244 lectoribus
377 1179 530 1265 adscripti
551 1186 623 1243 sunt
651 1177 822 1264 (separavit
850 1176 961 1242 Lohrs.
981 1177 1000 1241 l.
1022 1177 1042 1243 l.
1063 1201 1094 1264 p.
1116 1179 1199 1263 242).

251 1281 296 1346 At
316 1305 367 1346 vv.
379 1282 529 1346 267-69
551 1282 658 1345 versui
673 1280 736 1344 262
758 1281 918 1367 aptissime
940 1284 1057 1346 annexi
1079 1291 1200 1347 senten-

93 1424 97 1428 ·
187 1387 264 1450 tiam
286 1385 448 1477 hucusque
471 1385 652 1472 generalem
668 1386 738 1472 jam
759 1394 868 1471 aperte
891 1394 923 1450 et
935 1388 1077 1472 graviter
1089 1387 1131 1452 ad
1148 1410 1200 1454 res

188 1491 287 1576 ipsius
308 1499 422 1577 poetae
450 1491 710 1575 occasionemque
736 1487 890 1552 fundendi
919 1490 1072 1554 carminis
1094 1491 1201 1557 tradu-

189 1604 272 1659 cunt.
322 1595 388 1676 Qui
416 1596 579 1676 transitus,
608 1602 644 1658 ut
664 1592 713 1657 ad
743 1615 899 1657 summum
932 1603 1048 1679 augeat
1075 1597 1203 1682 pondus

188 1700 351 1782 orationis,
373 1723 436 1764 non
458 1688 502 1763 fit*
513 1699 575 1762 nisi
597 1697 707 1762 ultimo
728 1698 824 1761 totius
845 1696 907 1760 loci
928 1719 1024 1761 versu
1044 1696 1108 1762 269

231 1807 300 1887 οἵην
322 1801 361 1886 δὴ
383 1806 437 1864 καὶ
457 1800 548 1887 τήνδε
570 1799 659 1884 δίκην
684 1798 777 1873 πόλις
797 1798 884 1873 ἐντὸς
907 1799 1015 1885 ἐέργει,

188 1929 250 1992 quo
273 1930 369 1972 versu
391 1905 625 1994 quodammodo
647 1907 715 1992 ipse
736 1905 864 1991 Jupiter
886 1904 1027 1971 Hesiodo
1049 1915 1200 1992 patronus

190 2009 313 2075 erisistit
335 2020 367 2074 et
389 2033 517 2075 carmen
539 2011 654 2074 iterum
677 2010 767 2095 quasi
782 2009 973 2074 inacideum
989 2012 1069 2076 exit:
1092 2032 1200 2098 quam-

189 2138 284 2200 quam
306 2118 429 2181 animus
451 2125 564 2203 poetae
588 2114 682 2199 longe
712 2114 804 2179 altius
831 2114 883 2179 hio
910 2139 1005 2202 quam
1026 2141 1079 2181 vv.
1098 2119 1196 2183 4o.41

187 2221 287 2287 elatus
308 2231 363 2287 est.
385 2260 427 2269 —
450 2222 626 2288 Offensioni
647 2221 778 2307 quidem
799 2231 846 2285 est
867 2223 901 2285 in
922 2245 952 2285 v.
967 2222 1028 2286 267
1053 2231 1085 2287 61
1108 2245 1200 2310 asyn—

190 2324 284 2390 deton
312 2335 344 2390 et
364 2325 484 2392 hiatus:
513 2348 648 2412 quorum
676 2327 802 2412 utrique
831 2326 999 2411 medeare,
1028 2328 1055 2392 si
1080 2328 1203 2394 scribas

189 2426 294 2490 πάντα
316 2425 347 2490 d’
366 2428 454 2493 rouo.
497 2428 551 2494 Ad
580 2430 767 2494 sententiam
793 2452 844 2492 vv.
867 2429 1016 2495 267-69
1045 2431 1202 2514 6116666,

190 2553 269 2616 quos
290 2531 395 2598 attulit
414 2532 625 2618 thelsbach.
646 2532 666 2596 l.
687 2532 706 2595 l.
728 2556 758 2618 p.
782 2533 889 2597 1718.

255 2635 350 2700 Hune
372 2637 487 2720 locum,
509 2658 571 2722 quo
595 2636 635 2699 de
651 2637 776 2721 justitia
788 2657 852 2699 non
868 2636 1063 2723 desperatur,
1085 2641 1200 2727 aliquis

189 2737 283 2803 homo
304 2739 504 2804 stultissimus
526 2761 599 2804 cum
620 2738 861 2803 adumbratione
883 2742 995 2806 aetatis
1007 2743 1146 2828 quintae,
1168 2749 1202 2810 in

191 2866 254 2930 qua
275 2844 415 2908 16161661
436 2857 562 2930 tempus
583 2866 648 2909 non
668 2843 839 2927 intellexit,
867 2844 928 2909 sibi
958 2849 1201 2933 exaequandum

191 2969 259 3013 esse
280 2949 420 3034 putavit,
452 2970 514 3034 quo
537 2947 668 3012 consilio
690 2970 742 3023 vv.
764 2946 913 3012 270-73
935 2950 966 3029 (a
986 2950 1113 3017 Rankio
1134 2952 1200 3018 hes.

193 3050 237 3116 St.
267 3075 297 3138 p.
319 3053 361 3117 39
399 3054 466 3116 sine
494 3051 559 3118 ulla
595 3074 690 3116 causa
728 3074 786 3137 pro
821 3052 1031 3139 jurisjurandi
1067 3055 1202 3122 formula
1318 3112 1324 3133 ‚

192 3156 327 3240 habitos)
356 3157 482 3244 adjecit.
533 3155 599 3222 Sed
625 3166 692 3235 tam
718 3157 833 3221 misere
861 3157 1115 3239 perfimctusest
1135 3185 1202 3228 mu·

192 3284 269 3326 nere
291 3285 362 3345 suo,
384 3270 420 3325 ut
443 3285 472 3325 v.
494 3261 558 3325 275
581 3270 706 3324 etcum
728 3282 780 3325 vv.
802 3261 952 3326 270-72
983 3272 1014 3326 61
1036 3286 1110 3329 curn
1131 3267 1203 3334 loco

194 3367 233 3432 de
255 3376 358 3432 aetate
381 3368 491 3453 quinta
511 3388 703 3451 magnopere
724 3375 860 3452 pugnet:
882 3388 922 3430 ne
947 3367 1025 3453 quid
1043 3369 1148 3435 dicam
1160 3371 1201 3436 de

192 3494 244 3553 eo,
280 3469 366 3556 quod
394 3469 495 3534 verba
529 3469 694 3543 ἐπεὶ-ἕξει
721 3470 928 3555 propositioni
955 3493 1006 3534 vv.
1037 3473 1202 3539 203—85

192 3575 262 3660 δίκη
284 3571 413 3660 617116
434 3573 543 3659 ὕβριος
563 3596 622 3636 aaa.
645 3595 773 3660 prorsus
801 3576 960 3639 contraria
981 3586 1062 3640 sunt.
1112 3576 1203 3645 Oete-

191 3703 262 3744 rum
287 3685 376 3742 tanta
403 3677 453 3741 his
482 3677 628 3740 versibus
657 3698 730 3740 cum
751 3699 802 3739 vv.
827 3677 983 3742 lte-81
1008 3688 1140 3744 naturae
1163 3705 1202 3746 ao

190 3785 258 3847 soni
295 3775 342 3846 est'
372 3780 558 3864 similitudo,
595 3790 630 3845 ut
661 3788 794 3867 uterque
830 3781 918 3846 locus
949 3783 1005 3844 vix
1040 3782 1202 3849 diversum

192 3897 353 3953 auctorem
375 3887 493 3953 habere
515 3889 622 3974 possit.
665 3888 778 3974 Neque
807 3886 920 3952 desunt
940 3887 1019 3951 vitia
1040 3889 1201 3958 sermonis.

191 3989 403 4056 Desideratur
423 3992 508 4056 enim
530 3990 686 4077 particula
708 3990 927 4073 adversativa,
954 4014 1052 4076 quum
1082 3994 1140 4055 νῦν
1162 3989 1203 4074 δή

192 4086 271 4158 1111111
308 4095 334 4158 11
354 4097 416 4160 nisi
437 4117 517 4159 nuuc
529 4100 640 4178 ipsam.
673 4095 813 4160 Deinde.
825 4098 923 4161 otiose
937 4095 1083 4161 additum
1102 4104 1149 4160 est
1167 4093 1203 4157 ἐν

191 4197 411 4284 ἀνθρώποισι,
431 4219 434 4225 ·
453 4199 586 4265 ridicule
616 4195 683 4284 μήτ’
711 4196 787 4280 ἐμὸς
817 4196 894 4273 υἱός.
948 4199 1063 4286 Neque
1090 4196 1201 4281 μείζω

191 4302 280 4388 δίκην
302 4303 363 4379 ἕξει
386 4325 403 4366 6
425 4303 652 4371 consuetudine
676 4303 768 4389 epica
790 4303 909 4368 dictum
931 4325 998 4368 esse
1020 4303 1155 4368 videtur.
