2864 5114
626 401 673 466 ,77

209 568 384 655 Hucusque
405 570 431 633 si
454 570 654 634 artificiosam
678 568 826 633 carminis
847 568 946 632 nostri
960 569 1159 656 compositio·

146 694 218 735 nem
242 681 273 735 et
294 673 328 735 in
349 675 532 738 universum
553 694 707 758 apparere
730 672 895 736 statuimus
916 672 1002 735 etin
1024 672 1157 758 singulis

146 777 250 840 conati
272 798 379 840 sumus
402 775 631 841 demonstrare:
647 776 717 861 jam
738 774 818 838 illud
839 797 903 839 non
924 775 1059 862 amplius
1083 777 1155 840 reti-

145 879 282 944 cendum
310 888 357 944 est
387 903 458 944 eam
488 881 748 966 compositionem
777 879 829 943 vel
865 889 972 944 nostra
1001 884 1156 946 sententia

145 1007 248 1071 neque
270 985 389 1072 ubique
417 1008 459 1049 ex
488 985 619 1051 consilio
649 993 680 1050 et
701 985 824 1049 ratione
847 1005 913 1057 esse
936 987 1154 1072 repetendam,

146 1090 263 1176 quippe
292 1113 373 1176 quae
402 1089 600 1176 aliquatenus
626 1090 660 1154 in
687 1111 795 1154 rerum
832 1089 1018 1154 necessitate
1049 1070 1153 1177 posita

145 1195 203 1277 sit,
234 1215 338 1280 neque
370 1203 458 1259 tanta
486 1193 659 1273 subtilitate
689 1194 886 1280 partitionis,
917 1202 1005 1260 tanta
1031 1203 1154 1260 senten-

146 1299 261 1362 tiarum
283 1282 510 1385 perspicuitate
532 1307 661 1384 tamque
683 1297 844 1384 aequabili
867 1300 1007 1363 omnium
1017 1300 1156 1391 partium

145 1401 354 1486 perfectione,
383 1424 478 1487 quam
499 1409 571 1486 post
592 1408 699 1464 natam
722 1400 850 1466 demum
871 1402 1103 1489 philosophiam
1125 1411 1156 1466 et

144 1504 335 1569 rhetoricam
364 1506 398 1568 in
422 1504 619 1570 Graecorum
647 1507 858 1569 monumentis
885 1505 1048 1571 literarum
1070 1509 1156 1571 inve

145 1611 264 1692 nimus,
293 1610 469 1674 confectam
498 1631 566 1673 esse
595 1618 691 1694 atque
720 1608 904 1674 absolutam.
946 1610 1032 1691 Quin
1061 1614 1157 1677 etiam

144 1714 348 1780 concedimus
377 1717 595 1779 tractationem
617 1715 795 1799 argumenti
816 1715 850 1778 in
871 1712 1030 1799 allegoriis
1051 1717 1078 1780 si
1100 1717 1156 1780 mi·

144 1843 203 1886 nus
224 1842 293 1885 esse
320 1820 513 1905 longiorem,
548 1841 585 1884 eo
612 1827 719 1884 tamen
739 1841 882 1905 peccare,
904 1819 990 1905 quod
1012 1821 1156 1885 versibus

145 1924 302 1988 249-69
338 1924 427 1989 locus
464 1923 640 1988 simillimus
677 1945 728 1985 vu
758 1922 821 1986 219
842 1945 909 2009 sqq.
938 1923 1005 1987 sine
1041 1910 1157 1988 idonea

145 2049 241 2092 causa
257 2028 448 2114 praemissus
469 2035 524 2090 est
567 2025 689 2090 Verum
711 2027 795 2089 enim
816 2047 894 2090 vero
916 2025 975 2090 hoc
997 2048 1156 2092 assevera-

144 2153 215 2195 mus
233 2140 328 2218 atque
347 2129 581 2195 contendimus:
604 2152 661 2216 per
680 2137 781 2193 totum
800 2128 945 2214 Operum
967 2138 999 2193 et
1019 2129 1155 2194 Dierum

145 2257 289 2317 carmen,
319 2234 425 2320 quoad
446 2232 580 2298 Hesiodi
596 2241 667 2314 est,
695 2222 735 2295 ne
757 2255 855 2296 unum
877 2230 1007 2317 quidem
1028 2255 1156 2297 versum

145 2349 199 2404 aut
228 2341 371 2426 ineptum
401 2348 456 2403 aut
486 2339 656 2404 obscurum
689 2347 743 2402 aut
777 2336 964 2422 languidum
1003 2340 1155 2424 reperiri:

145 2445 250 2531 potius
279 2446 313 2509 in
340 2445 400 2509 hac
431 2441 685 2530 primoquidem
709 2451 800 2528 parte
817 2451 858 2505 ,et
879 2440 1020 2507 locorum
1043 2441 1156 2507 docen-

144 2551 223 2612 tium
245 2571 318 2612 cum
341 2549 484 2613 animum
515 2545 788 2612 commoventibus
801 2544 991 2630 elegantem
1013 2568 1081 2611 esse
1103 2569 1156 2610 va·

144 2655 288 2717 rietatem
311 2661 343 2715 et
364 2652 589 2716 commotiones
611 2650 708 2712 animi
737 2648 778 2712 ab
809 2647 983 2712 acerbitate
1004 2649 1053 2713 ad·
1070 2648 1155 2714 dolo-

144 2779 229 2838 rem,
260 2779 280 2820 a
310 2755 418 2820 dolore
446 2764 518 2842 post
539 2757 716 2842 oppositam
737 2753 896 2817 felicitatis
917 2755 1088 2838 imaginem
1111 2754 1154 2819 ad

145 2882 300 2925 summam
328 2861 517 2944 gravimem
548 2857 770 2941 commonendi
798 2879 871 2922 cum
900 2866 968 2922 arte
996 2866 1157 2944 praestan-

145 2966 266 3029 tissima
288 2986 356 3028 esse
381 2963 563 3050 perductas.
606 2962 757 3049 Superest
784 2970 820 3026 ut
846 2963 878 3025 in
907 2960 1038 3047 reliquis
1065 2983 1156 3047 pare-

54 3092 60 3105 ‘
148 3069 278 3156 graphis
298 3070 570 3134 commentationis
596 3076 722 3132 nostrae
751 3065 888 3153 probare
910 3065 1092 3130 studeamus
1114 3066 1156 3130 al·

144 3183 246 3238 teram
268 3195 392 3260 quoque
414 3195 452 3237 ac
473 3174 600 3237 tertiam
619 3171 767 3235 carminis
781 3178 904 3257 partem
919 3180 951 3235 et
966 3193 1038 3234 cum
1052 3171 1156 3256 prima

145 3276 280 3341 vinculis
301 3275 570 3341 indissolubilibus
590 3274 760 3340 cohaerere
783 3283 814 3338 et
835 3297 893 3360 per
914 3275 1020 3360 capita
1032 3273 1156 3359 singula

144 3390 218 3468 apte
240 3380 464 3466 eleganterque
497 3402 564 3444 esse
600 3379 783 3465 descriptas.
826 3376 922 3458 Quod
946 3376 1022 3441 dum
1035 3377 1157 3447 iecerit

144 3507 230 3567 mus,
252 3483 336 3548 hunc
357 3482 543 3547 fasciculum
563 3482 700 3557 lecturos
715 3503 885 3566 rogamus,
913 3488 949 3543 ut
969 3481 1157 3543 sententiam

146 3587 185 3651 de
207 3589 354 3652 universo
375 3585 505 3673 quidem
527 3597 642 3653 conatu
669 3593 777 3651 nostro
803 3584 983 3670 proferant:
1016 3583 1155 3669 cujusvis

145 3692 229 3754 enim
250 3690 384 3777 periculi
411 3693 616 3757 restitutionis
641 3690 788 3779 probatio
816 3687 995 3752 firmissima
1016 3694 1064 3750 est
1085 3708 1155 3772 per-

146 3795 229 3858 fecta
249 3797 415 3861 restitutio.
