2864 5114
765 463 809 528 44

282 631 365 697 illius
374 634 563 697 narrationis
575 633 665 720 quasi
672 633 921 718 propositionem
931 631 1028 696 fuism
1039 621 1180 698 diximus
1191 632 1241 717 (48
1249 633 1297 696 ὄπ

280 734 588 820 μινέξαπάτησε,
613 737 677 802 105
698 735 818 810 οὕτως
839 735 972 819 ceierae]
993 734 1056 798 ἔστι
1071 735 1297 813 -λξαλλα-

282 842 411 924 σθαι).
449 841 569 906 Versus
593 842 654 906 105
676 864 740 906 non
761 840 803 905 ab
825 839 969 905 Hesiodo
991 840 1119 906 videtur
1139 843 1297 931 inventus,

200 976 230 1025 ,ῃ
280 943 343 1008 sed·
360 946 516 1009 sententia
539 945 635 1010 firisse
656 945 869 1026 usitatissima,
890 967 986 1031 quam
1006 944 1059 1009 ille
1073 945 1297 1032 epiphonema-

280 1050 321 1113 tis
342 1049 412 1114 looo
435 1051 469 1114 in
490 1072 582 1113 usum
604 1073 696 1114 suum
724 1051 889 1114 convertit.
935 1049 984 1114 Of.
1006 1047 1067 1113 Tb.
1088 1049 1151 1114 613
1174 1049 1217 1123 ὥς
1237 1047 1296 1112 οὐκ

281 1152 344 1216 ἔσει
364 1153 440 1226 Διὸς
461 1151 583 1233 κλέψαι
604 1149 682 1215 νόον
711 1153 781 1216 οὔτε
810 1150 1002 1234 παρελθεῖν,
1037 1173 1053 1215 ε
1077 1152 1178 1217 103.4
1208 1149 1294 1215 dita

280 1254 355 1337 μάλ’
378 1257 417 1318 οὔ
437 1264 516 1330 aar?
527 1255 589 1319 ἔστι
611 1255 688 1330 Διὸς
709 1256 787 1344 νόον
810 1253 967 1348 αἰγιόχοιο
989 1255 1060 1318 οὔτε
1080 1254 1305 1340 παρεξελθεῖν

280 1359 381 1424 ἄλλον
401 1362 483 1431 θεὸν
505 1357 580 1424 oos’
601 1357 753 1423 εἱλιῶσαιΙ
771 1359 951 1444 ¹(recurrrmt
978 1359 1092 1424 eadem
1120 1360 1222 1437 verba
1241 1383 1296 1426 vv.

281 1465 420 1551 latas).
463 1463 631 1546 Quaedam
659 1461 840 1528 recordatio
872 1464 942 1549 ejus
969 1464 1144 1531 sententiae
1165 1462 1295 1537 subesse

280 1569 408 1634 videtur
437 1570 532 1634 etiam
552 1569 672 1654 Hymn.
694 1567 775 1632 Ven.
796 1569 839 1632 33
869 1566 956 1630 τοίων
982 1565 1022 1631 osi
1043 1565 1178 1631 δύναται
1197 1588 1295 1635 aaut·

280 1676 355 1736 θεῖν
375 1676 496 1760 φρένας
517 1670 588 1735 οὐδ’
608 1669 780 1756 ἀπατῆσαι.

325 2041 341 2081 ὁ
580 1967 627 2028 De
648 1966 787 2028 versibus
810 1963 1007 2040 toea-201„
1247 2028 1250 2040 2

343 2088 479 2152 Etiamsi
501 2085 634 2153 dubium
655 2085 761 2152 adhuc
781 2085 887 2151 videri
907 2085 1006 2172 possit
1030 2085 1140 2172 Opera
1161 2094 1193 2151 et
1206 2082 1301 2152 ¹Dies

279 2189 468 2276 interpolata
502 2212 571 2254 esse
592 2189 786 2254 carminibus
807 2189 943 2255 Hesiodi
963 2190 1078 2276 ipsius,
1101 2190 1171 2276 jam
1196 2189 1295 2281 pluri·

280 2317 368 2360 mum
398 2295 589 2359 firmamenti
623 2292 747 2357 accedit
780 2293 854 2358 huic
887 2295 1060 2358 sententiae
1090 2269 1217 2361 nostrae
1239 2317 1295 2361 ⁴err

282 2413 328 2464 cax
340 2400 477 2481 ratione,
508 2420 572 2484 qua
592 2395 732 2483 epyllion
763 2396 804 2463 de
825 2397 981 2482 aetatibus
1002 2397 1114 2462 mundi
1137 2401 1295 2480 (extermi-

280 2513 434 2568 natum‘a
457 2502 646 2583 Twesteni0‚
670 2500 878 2586 Goeaungu,
900 2501 1039 2586 Heyero,
1061 2503 1095 2566 in
1117 2503 1297 2589 fragmenta

283 2606 441 2672 divrdsum
462 2630 482 2670 a
502 2604 647 2688 Lehrsio)
668 2604 732 2668 illis
752 2607 984 2674 insertumest.
1016 2613 1030 2675 “,

347 2709 485 2777 Glutinis
505 2709 575 2774 loco
599 2718 673 2774 sunt
692 2732 745 2772 ev.
764 2709 891 2772 roo-8
913 2709 1097 2794 turpissima
1118 2707 1296 2773 insulsitate

280 2816 427 2900 insignes.
470 2814 749 2900 Quiquamquam
761 2814 827 2877 'vix
848 2822 943 2898 egent
963 2814 1218 2899 impugnatione,
1241 2821 1295 2878 ‘te-

279 2943 353 2989 men
375 2919 528 3005 quoniam:
545 2918 587 2984 ab
608 2926 727 2983 unoet
742 2916 847 2982 altero
867 2919 1043 3004 interprete
1058 2917 1204 2982 defensos
1226 2938 1295 2981 esse

163 3051 165 3055 ’
279 3022 389 3105 video,
411 3021 553 3086 breviter
573 3043 768 3107 percurram,
790 3043 889 3137 puato
909 3023 973 3085 sint
994 3020 1152 3107 ejiciendi.
1180 3021 1296 3106 Neque

278 3148 418 3213 unquam
442 3125 605 3189 Hesiodus
628 3148 681 3207 ea,
715 3145 797 3210 quae
827 3124 969 3191 dicturus
984 3135 1054 3207 est,
1088 3080 1240 3209 haolege
1263 3132 1296 3195 et

282 3230 477 3296 conditione:
503 3227 532 3290 sl
562 3225 737 3318 δ’ἐθέλεις
757 3227 895 3314 profert,
930 3228 1088 3295 tolerabili
1116 3228 1170 3292 illa
1198 3228 1231 3292 in
1257 3249 1295 3292 re

278 3335 351 3415 levi,
375 3356 439 3397 non
459 3334 493 3396 in
515 3333 695 3418 praeceptis
716 3333 921 3416 gravissimis,
942 3352 1046 3419 neque
1066 3354 1144 3397 vero
1161 3330 1296 3397 circum·

1171 1706 1302 1825 ,π

279 3438 401 3503 foranei
427 3436 563 3502 hominis
591 3434 689 3501 modo
716 3437 903 3511 annunciat:
930 3433 967 3498 εὖ
996 3435 1295 3518 zoraniscaea,
1420 3434 1422 3442 ’

154 3598 156 3603 ,
281 3545 427 3624 Quorum
447 3551 618 3627 utrumque
646 3560 753 3624 aeques
772 3538 941 3624 indignum
967 3541 1121 3627 scriptore
1143 3539 1295 3626 prudenti

280 3668 318 3713 ac
340 3667 453 3712 severo
474 3643 703 3730 nequeminus
723 3641 891 3728 indignum
913 3653 1003 3727 esset,
1026 3647 1053 3709 si
1073 3654 1226 3730 tanquam
1240 3644 1295 3709 ali·

280 3752 350 3838 quis
370 3748 561 3815 fabellarum
581 3747 720 3830 futilium
740 3758 887 3813 narrator
908 3749 1169 3815 demonstrationi
1186 3770 1296 3814 oausa-

279 3877 351 3921 rum
372 3854 519 3919 miseriae
540 3851 697 3918 humanae
714 3852 784 3938 jam
798 3852 878 3917 nihil
894 3854 956 3918 nisi
971 3857 1077 3936 ἕτερον
1091 3852 1188 3932 λόγον
1203 3856 1294 3939 quasi

168 3945 172 3956 ¹
277 3961 460 4028 mutationis
487 3960 590 4044 gratia
611 3968 802 4023 annecteret.
844 3961 918 4024 Non
931 3959 1098 4033 dissimiles
1110 3961 1296 4044 ceteroquin

279 4068 312 4130 in
345 4065 571 4150 antiquissimis
594 4063 792 4128 'carminibus
820 4063 988 4129 didacticis
1015 4063 1110 4128 firisse
1144 4064 1295 4128 transitus

280 4168 430 4237 formulas
452 4167 498 4233 illi
521 4166 627 4250 ἕτερόν
647 4189 694 4231 τοι
709 4166 769 4246 ἐγώ
785 4165 881 4245 λόγον
895 4165 1109 4249 ἐκκορυφώσω
1121 4166 1294 4249 (Vollbehr.

280 4274 341 4339 ll
364 4297 394 4360 p.
404 4271 462 4356 34)
493 4270 629 4336 libenter
660 4269 809 4336 concedo.
854 4271 982 4347 Scilicet
1003 4296 1067 4337 non
1088 4274 1115 4336 is
1138 4281 1207 4336 crat
1228 4270 1295 4336 dis-
