<?xml version="1.0" encoding="UTF-8"?>
<!DOCTYPE html PUBLIC "-//W3C//DTD XHTML 1.0 Transitional//EN"
    "http://www.w3.org/TR/xhtml1/DTD/xhtml1-transitional.dtd">
<html xmlns="http://www.w3.org/1999/xhtml" xml:lang="en" lang="en">
 <head>
  <title>
</title>
<meta http-equiv="Content-Type" content="text/html;charset=utf-8" />
  <meta name='ocr-system' content='tesseract 3.04.00' />
  <meta name='ocr-capabilities' content='ocr_page ocr_carea ocr_par ocr_line ocrx_word'/>
</head>
<body>
  <div class='ocr_page' id='page_1' title='image "./deoperumetdieru00steigoog_0006.png"; bbox 0 0 2858 5122; ppageno 0'>
   <div class='ocr_carea' id='block_1_1' title="bbox 51 1519 1184 4356">
    <p class='ocr_par' dir='ltr' id='par_1_1' title="bbox 65 1519 1079 1670">
     <span class='ocr_line' id='line_1_1' title="bbox 65 1519 1079 1670; baseline 0.004 -30"><span class='ocrx_word' id='word_1_1' title='bbox 65 1519 140 1652; x_wconf 82' lang='lat' dir='ltr'><strong>De</strong></span> <span class='ocrx_word' id='word_1_2' title='bbox 164 1575 307 1663; x_wconf 92' lang='lat' dir='ltr'><strong>Operum</strong></span> <span class='ocrx_word' id='word_1_3' title='bbox 330 1586 361 1640; x_wconf 92' lang='lat' dir='ltr'><strong>et</strong></span> <span class='ocrx_word' id='word_1_4' title='bbox 377 1576 513 1641; x_wconf 91' lang='lat' dir='ltr'><strong>Dierum</strong></span> <span class='ocrx_word' id='word_1_5' title='bbox 535 1574 669 1643; x_wconf 79' lang='lat' dir='ltr'><strong>Hesiodi</strong></span> <span class='ocrx_word' id='word_1_6' title='bbox 690 1577 918 1662; x_wconf 80' lang='lat' dir='ltr'><strong>compositione</strong></span> <span class='ocrx_word' id='word_1_7' title='bbox 932 1579 1079 1670; x_wconf 83' lang='lat' dir='ltr'><strong>pristina—</strong></span> 
     </span>
    </p>

    <p class='ocr_par' dir='ltr' id='par_1_2' title="bbox 62 1680 1184 2185">
     <span class='ocr_line' id='line_1_2' title="bbox 66 1680 1145 1768; baseline 0 -22"><span class='ocrx_word' id='word_1_8' title='bbox 66 1704 129 1766; x_wconf 88' lang='lat' dir='ltr'><strong>que</strong></span> <span class='ocrx_word' id='word_1_9' title='bbox 144 1681 245 1747; x_wconf 89' lang='lat' dir='ltr'><strong>forma</strong></span> <span class='ocrx_word' id='word_1_10' title='bbox 258 1684 285 1748; x_wconf 90' lang='lat' dir='ltr'><strong>si</strong></span> <span class='ocrx_word' id='word_1_11' title='bbox 305 1690 377 1767; x_wconf 91' lang='lat' dir='ltr'><strong>post</strong></span> <span class='ocrx_word' id='word_1_12' title='bbox 398 1689 446 1747; x_wconf 92' lang='lat' dir='ltr'><strong>tot</strong></span> <span class='ocrx_word' id='word_1_13' title='bbox 466 1681 586 1768; x_wconf 88' lang='lat' dir='ltr'><strong>scripta</strong></span> <span class='ocrx_word' id='word_1_14' title='bbox 606 1682 750 1746; x_wconf 85' lang='lat' dir='ltr'><strong>virorum</strong></span> <span class='ocrx_word' id='word_1_15' title='bbox 772 1680 1025 1759; x_wconf 82' lang='lat' dir='ltr'><strong>doctissimorum</strong></span> <span class='ocrx_word' id='word_1_16' title='bbox 1046 1685 1079 1747; x_wconf 93' lang='lat' dir='ltr'><strong>in</strong></span> <span class='ocrx_word' id='word_1_17' title='bbox 1142 1740 1145 1746; x_wconf 85' lang='lat'><strong>.</strong></span> 
     </span>
     <span class='ocr_line' id='line_1_3' title="bbox 64 1782 1079 1869; baseline 0.003 -23"><span class='ocrx_word' id='word_1_18' title='bbox 64 1782 169 1847; x_wconf 89' lang='lat' dir='ltr'><strong>lucem</strong></span> <span class='ocrx_word' id='word_1_19' title='bbox 180 1782 289 1869; x_wconf 88' lang='lat' dir='ltr'><strong>prodit</strong></span> <span class='ocrx_word' id='word_1_20' title='bbox 300 1785 523 1851; x_wconf 88' lang='lat' dir='ltr'><strong>commentatio</strong></span> <span class='ocrx_word' id='word_1_21' title='bbox 533 1806 625 1866; x_wconf 78' lang='lat' dir='ltr'><strong>nova,</strong></span> <span class='ocrx_word' id='word_1_22' title='bbox 649 1785 716 1869; x_wconf 90' lang='lat' dir='ltr'><strong>ejus</strong></span> <span class='ocrx_word' id='word_1_23' title='bbox 738 1791 901 1848; x_wconf 80' lang='lat' dir='ltr'><strong>auctorem</strong></span> <span class='ocrx_word' id='word_1_24' title='bbox 923 1806 1079 1849; x_wconf 88' lang='lat' dir='ltr'><strong>commen-</strong></span> 
     </span>
     <span class='ocr_line' id='line_1_4' title="bbox 63 1888 1184 1983; baseline 0.005 -31"><span class='ocrx_word' id='word_1_25' title='bbox 63 1889 191 1953; x_wconf 81' lang='lat' dir='ltr'><strong>tationis</strong></span> <span class='ocrx_word' id='word_1_26' title='bbox 213 1911 276 1954; x_wconf 90' lang='lat' dir='ltr'><strong>non</strong></span> <span class='ocrx_word' id='word_1_27' title='bbox 298 1888 379 1974; x_wconf 89' lang='lat' dir='ltr'><strong>fugit</strong></span> <span class='ocrx_word' id='word_1_28' title='bbox 397 1889 482 1972; x_wconf 85' lang='lat' dir='ltr'><strong>fore,</strong></span> <span class='ocrx_word' id='word_1_29' title='bbox 504 1898 540 1953; x_wconf 93' lang='lat' dir='ltr'><strong>ut</strong></span> <span class='ocrx_word' id='word_1_30' title='bbox 560 1890 687 1975; x_wconf 89' lang='lat' dir='ltr'><strong>incepto</strong></span> <span class='ocrx_word' id='word_1_31' title='bbox 714 1909 770 1955; x_wconf 94' lang='lat' dir='ltr'><strong>suo</strong></span> <span class='ocrx_word' id='word_1_32' title='bbox 792 1908 959 1955; x_wconf 88' lang='lat' dir='ltr'><strong>commune</strong></span> <span class='ocrx_word' id='word_1_33' title='bbox 980 1890 1079 1959; x_wconf 89' lang='lat' dir='ltr'><strong>homi·</strong></span> <span class='ocrx_word' id='word_1_34' title='bbox 1142 1920 1184 1983; x_wconf 61' lang='lat' dir='ltr'><em>ss</em></span> 
     </span>
     <span class='ocr_line' id='line_1_5' title="bbox 62 1993 1077 2081; baseline 0.004 -24"><span class='ocrx_word' id='word_1_35' title='bbox 62 2016 140 2058; x_wconf 89' lang='lat' dir='ltr'><strong>num</strong></span> <span class='ocrx_word' id='word_1_36' title='bbox 173 1993 405 2079; x_wconf 86' lang='lat' dir='ltr'><strong>philologorum</strong></span> <span class='ocrx_word' id='word_1_37' title='bbox 431 1994 592 2081; x_wconf 89' lang='lat' dir='ltr'><strong>judicium</strong></span> <span class='ocrx_word' id='word_1_38' title='bbox 620 1995 750 2059; x_wconf 89' lang='lat' dir='ltr'><strong>minime</strong></span> <span class='ocrx_word' id='word_1_39' title='bbox 779 1993 894 2060; x_wconf 84' lang='lat' dir='ltr'><strong>faveat.</strong></span> <span class='ocrx_word' id='word_1_40' title='bbox 948 1995 1077 2063; x_wconf 83' lang='lat' dir='ltr'><strong>Etenim</strong></span> 
     </span>
     <span class='ocr_line' id='line_1_6' title="bbox 63 2097 1077 2185; baseline 0.002 -24"><span class='ocrx_word' id='word_1_41' title='bbox 63 2099 207 2182; x_wconf 81' lang='lat' dir='ltr'><strong>quaestio</strong></span> <span class='ocrx_word' id='word_1_42' title='bbox 229 2098 299 2182; x_wconf 82' lang='lat' dir='ltr'><strong>illa,</strong></span> <span class='ocrx_word' id='word_1_43' title='bbox 326 2098 367 2162; x_wconf 93' lang='lat' dir='ltr'><strong>de</strong></span> <span class='ocrx_word' id='word_1_44' title='bbox 389 2121 453 2184; x_wconf 84' lang='lat' dir='ltr'><strong>que</strong></span> <span class='ocrx_word' id='word_1_45' title='bbox 472 2107 544 2185; x_wconf 88' lang='lat' dir='ltr'><strong>post</strong></span> <span class='ocrx_word' id='word_1_46' title='bbox 565 2098 738 2163; x_wconf 85' lang='lat' dir='ltr'><strong>Twostenii</strong></span> <span class='ocrx_word' id='word_1_47' title='bbox 760 2097 1004 2184; x_wconf 82' lang='lat' dir='ltr'><strong>&#39;lhierschiique</strong></span> <span class='ocrx_word' id='word_1_48' title='bbox 1025 2121 1077 2180; x_wconf 64' lang='lat' dir='ltr'><strong>cu7</strong></span> 
     </span>
    </p>

    <p class='ocr_par' dir='ltr' id='par_1_3' title="bbox 53 2202 1177 3937">
     <span class='ocr_line' id='line_1_7' title="bbox 61 2202 1077 2288; baseline 0.006 -24"><span class='ocrx_word' id='word_1_49' title='bbox 61 2224 115 2264; x_wconf 88' lang='lat' dir='ltr'><strong>ras</strong></span> <span class='ocrx_word' id='word_1_50' title='bbox 136 2202 288 2273; x_wconf 87' lang='lat' dir='ltr'><strong>Lehrsius</strong></span> <span class='ocrx_word' id='word_1_51' title='bbox 307 2212 339 2267; x_wconf 88' lang='lat' dir='ltr'><strong>et</strong></span> <span class='ocrx_word' id='word_1_52' title='bbox 362 2203 506 2269; x_wconf 87' lang='lat' dir='ltr'><strong>Rankius</strong></span> <span class='ocrx_word' id='word_1_53' title='bbox 527 2204 698 2269; x_wconf 86' lang='lat' dir='ltr'><strong>sententias</strong></span> <span class='ocrx_word' id='word_1_54' title='bbox 719 2202 812 2288; x_wconf 91' lang='lat' dir='ltr'><strong>plane</strong></span> <span class='ocrx_word' id='word_1_55' title='bbox 835 2204 1009 2268; x_wconf 87' lang='lat' dir='ltr'><strong>contrarias</strong></span> <span class='ocrx_word' id='word_1_56' title='bbox 1030 2215 1077 2270; x_wconf 92' lang='lat' dir='ltr'><strong>tu-</strong></span> 
     </span>
     <span class='ocr_line' id='line_1_8' title="bbox 62 2304 1161 2392; baseline 0.006 -26"><span class='ocrx_word' id='word_1_57' title='bbox 62 2304 165 2370; x_wconf 86' lang='lat' dir='ltr'><strong>lerant</strong></span> <span class='ocrx_word' id='word_1_58' title='bbox 189 2308 250 2389; x_wconf 87' lang='lat' dir='ltr'><strong>ita,</strong></span> <span class='ocrx_word' id='word_1_59' title='bbox 271 2315 307 2372; x_wconf 93' lang='lat' dir='ltr'><strong>ut</strong></span> <span class='ocrx_word' id='word_1_60' title='bbox 327 2307 454 2392; x_wconf 91' lang='lat' dir='ltr'><strong>utrique</strong></span> <span class='ocrx_word' id='word_1_61' title='bbox 475 2306 530 2373; x_wconf 88' lang='lat' dir='ltr'><strong>alii</strong></span> <span class='ocrx_word' id='word_1_62' title='bbox 551 2307 697 2392; x_wconf 83' lang='lat' dir='ltr'><strong>interque</strong></span> <span class='ocrx_word' id='word_1_63' title='bbox 719 2327 773 2370; x_wconf 88' lang='lat' dir='ltr'><strong>eos</strong></span> <span class='ocrx_word' id='word_1_64' title='bbox 795 2306 910 2370; x_wconf 89' lang='lat' dir='ltr'><strong>summi</strong></span> <span class='ocrx_word' id='word_1_65' title='bbox 937 2309 1000 2373; x_wconf 85' lang='lat' dir='ltr'><strong>viri</strong></span> <span class='ocrx_word' id='word_1_66' title='bbox 1022 2308 1076 2373; x_wconf 90' lang='lat' dir='ltr'><strong>ad·</strong></span> <span class='ocrx_word' id='word_1_67' title='bbox 1159 2315 1161 2320; x_wconf 81' lang='grc'>’</span> 
     </span>
     <span class='ocr_line' id='line_1_9' title="bbox 60 2408 1076 2497; baseline 0.008 -25"><span class='ocrx_word' id='word_1_68' title='bbox 60 2409 301 2494; x_wconf 88' lang='lat' dir='ltr'><strong>stipularentur:</strong></span> <span class='ocrx_word' id='word_1_69' title='bbox 341 2419 511 2496; x_wconf 86' lang='lat' dir='ltr'><strong>postquam</strong></span> <span class='ocrx_word' id='word_1_70' title='bbox 550 2419 582 2474; x_wconf 89' lang='lat' dir='ltr'><strong>et</strong></span> <span class='ocrx_word' id='word_1_71' title='bbox 620 2408 834 2496; x_wconf 77' lang='lat' dir='ltr'><strong>Goettlingiim</strong></span> <span class='ocrx_word' id='word_1_72' title='bbox 861 2418 893 2474; x_wconf 92' lang='lat' dir='ltr'><strong>et</strong></span> <span class='ocrx_word' id='word_1_73' title='bbox 927 2411 1076 2497; x_wconf 88' lang='lat' dir='ltr'><strong>Heyerus</strong></span> 
     </span>
     <span class='ocr_line' id='line_1_10' title="bbox 59 2511 1094 2599; baseline 0.006 -24"><span class='ocrx_word' id='word_1_74' title='bbox 59 2511 201 2576; x_wconf 90' lang='lat' dir='ltr'><strong>mediam</strong></span> <span class='ocrx_word' id='word_1_75' title='bbox 230 2512 391 2598; x_wconf 88' lang='lat' dir='ltr'><strong>quandam</strong></span> <span class='ocrx_word' id='word_1_76' title='bbox 420 2514 508 2579; x_wconf 83' lang='lat' dir='ltr'><strong>viam</strong></span> <span class='ocrx_word' id='word_1_77' title='bbox 535 2535 640 2599; x_wconf 89' lang='lat' dir='ltr'><strong>neque</strong></span> <span class='ocrx_word' id='word_1_78' title='bbox 673 2535 743 2578; x_wconf 89' lang='lat' dir='ltr'><strong>eam</strong></span> <span class='ocrx_word' id='word_1_79' title='bbox 773 2521 880 2579; x_wconf 88' lang='lat' dir='ltr'><strong>tamen</strong></span> <span class='ocrx_word' id='word_1_80' title='bbox 914 2514 941 2579; x_wconf 91' lang='lat' dir='ltr'><strong>si</strong></span> <span class='ocrx_word' id='word_1_81' title='bbox 970 2516 1094 2591; x_wconf 62' lang='lat' dir='ltr'><strong>minus„</strong></span> 
     </span>
     <span class='ocr_line' id='line_1_11' title="bbox 59 2618 1177 2706; baseline 0.002 -24"><span class='ocrx_word' id='word_1_82' title='bbox 59 2618 220 2699; x_wconf 82' lang='lat' dir='ltr'><strong>omnibus,</strong></span> <span class='ocrx_word' id='word_1_83' title='bbox 245 2618 356 2683; x_wconf 85' lang='lat' dir='ltr'><strong>saltem</strong></span> <span class='ocrx_word' id='word_1_84' title='bbox 377 2619 537 2705; x_wconf 86' lang='lat' dir='ltr'><strong>plerisque</strong></span> <span class='ocrx_word' id='word_1_85' title='bbox 559 2620 727 2706; x_wconf 87' lang='lat' dir='ltr'><strong>probatam</strong></span> <span class='ocrx_word' id='word_1_86' title='bbox 747 2619 882 2703; x_wconf 89' lang='lat' dir='ltr'><strong>ingressi</strong></span> <span class='ocrx_word' id='word_1_87' title='bbox 904 2627 989 2683; x_wconf 85' lang='lat' dir='ltr'><strong>sunt:</strong></span> <span class='ocrx_word' id='word_1_88' title='bbox 1011 2641 1075 2684; x_wconf 87' lang='lat' dir='ltr'><strong>me·</strong></span> <span class='ocrx_word' id='word_1_89' title='bbox 1166 2678 1177 2696; x_wconf 75' lang='grc'><em>,</em></span> 
     </span>
     <span class='ocr_line' id='line_1_12' title="bbox 58 2722 1071 2807; baseline 0.002 -21"><span class='ocrx_word' id='word_1_90' title='bbox 58 2722 121 2786; x_wconf 92' lang='lat' dir='ltr'><strong>rito</strong></span> <span class='ocrx_word' id='word_1_91' title='bbox 142 2722 227 2786; x_wconf 88' lang='lat' dir='ltr'><strong>inter</strong></span> <span class='ocrx_word' id='word_1_92' title='bbox 248 2724 487 2791; x_wconf 82' lang='lat' dir='ltr'><strong>inextricabiles</strong></span> <span class='ocrx_word' id='word_1_93' title='bbox 504 2724 654 2790; x_wconf 88' lang='lat' dir='ltr'><strong>habenda</strong></span> <span class='ocrx_word' id='word_1_94' title='bbox 672 2746 741 2790; x_wconf 84' lang='lat' dir='ltr'><strong>esse</strong></span> <span class='ocrx_word' id='word_1_95' title='bbox 761 2723 917 2806; x_wconf 87' lang='lat' dir='ltr'><strong>videatur,</strong></span> <span class='ocrx_word' id='word_1_96' title='bbox 938 2732 974 2790; x_wconf 94' lang='lat' dir='ltr'><strong>ut</strong></span> <span class='ocrx_word' id='word_1_97' title='bbox 983 2725 1071 2807; x_wconf 83' lang='lat' dir='ltr'><strong>multi</strong></span> 
     </span>
     <span class='ocr_line' id='line_1_13' title="bbox 57 2823 1073 2914; baseline 0.004 -24"><span class='ocrx_word' id='word_1_98' title='bbox 57 2827 126 2890; x_wconf 88' lang='lat' dir='ltr'><strong>sine</strong></span> <span class='ocrx_word' id='word_1_99' title='bbox 150 2825 247 2891; x_wconf 89' lang='lat' dir='ltr'><strong>dubio</strong></span> <span class='ocrx_word' id='word_1_100' title='bbox 275 2827 393 2893; x_wconf 83' lang='lat' dir='ltr'><strong>faciant</strong></span> <span class='ocrx_word' id='word_1_101' title='bbox 415 2849 488 2893; x_wconf 91' lang='lat' dir='ltr'><strong>cum</strong></span> <span class='ocrx_word' id='word_1_102' title='bbox 509 2826 721 2914; x_wconf 84' lang='lat' dir='ltr'><strong>Bernhardyo</strong></span> <span class='ocrx_word' id='word_1_103' title='bbox 748 2835 894 2893; x_wconf 88' lang='lat' dir='ltr'><strong>censente</strong></span> <span class='ocrx_word' id='word_1_104' title='bbox 916 2823 977 2912; x_wconf 89' lang='lat' dir='ltr'><strong>(gr.</strong></span> <span class='ocrx_word' id='word_1_105' title='bbox 998 2827 1073 2894; x_wconf 84' lang='lat' dir='ltr'><strong>Lit-</strong></span> 
     </span>
     <span class='ocr_line' id='line_1_14' title="bbox 58 2930 1072 3018; baseline 0.002 -22"><span class='ocrx_word' id='word_1_106' title='bbox 58 2930 167 3014; x_wconf 80' lang='lat' dir='ltr'><strong>Gesch</strong></span> <span class='ocrx_word' id='word_1_107' title='bbox 187 2931 231 3014; x_wconf 87' lang='grc' dir='ltr'><strong>Π,</strong></span> <span class='ocrx_word' id='word_1_108' title='bbox 252 2954 284 3017; x_wconf 91' lang='lat' dir='ltr'><strong>p.</strong></span> <span class='ocrx_word' id='word_1_109' title='bbox 308 2931 383 3012; x_wconf 77' lang='lat'>179)</span> <span class='ocrx_word' id='word_1_110' title='bbox 407 2931 548 3018; x_wconf 88' lang='lat' dir='ltr'><strong>amplum</strong></span> <span class='ocrx_word' id='word_1_111' title='bbox 569 2931 656 2997; x_wconf 91' lang='lat' dir='ltr'><strong>illam</strong></span> <span class='ocrx_word' id='word_1_112' title='bbox 678 2931 873 3018; x_wconf 86' lang='lat' dir='ltr'><strong>subjectivae</strong></span> <span class='ocrx_word' id='word_1_113' title='bbox 903 2952 998 3015; x_wconf 90' lang='lat' dir='ltr'><strong>quam</strong></span> <span class='ocrx_word' id='word_1_114' title='bbox 1019 2955 1072 2998; x_wconf 90' lang='lat' dir='ltr'><strong>vo·</strong></span> 
     </span>
     <span class='ocr_line' id='line_1_15' title="bbox 57 3035 1071 3124; baseline 0.001 -25"><span class='ocrx_word' id='word_1_115' title='bbox 57 3059 166 3101; x_wconf 87' lang='lat' dir='ltr'><strong>camus</strong></span> <span class='ocrx_word' id='word_1_116' title='bbox 196 3036 327 3100; x_wconf 87' lang='lat' dir='ltr'><strong>criticae</strong></span> <span class='ocrx_word' id='word_1_117' title='bbox 359 3036 515 3122; x_wconf 87' lang='lat' dir='ltr'><strong>praebere</strong></span> <span class='ocrx_word' id='word_1_118' title='bbox 543 3059 701 3124; x_wconf 91' lang='lat' dir='ltr'><strong>campum.</strong></span> <span class='ocrx_word' id='word_1_119' title='bbox 757 3035 830 3121; x_wconf 80' lang='lat' dir='ltr'><strong>Ego</strong></span> <span class='ocrx_word' id='word_1_120' title='bbox 857 3057 935 3100; x_wconf 88' lang='lat' dir='ltr'><strong>vero</strong></span> <span class='ocrx_word' id='word_1_121' title='bbox 966 3057 1071 3122; x_wconf 89' lang='lat' dir='ltr'><strong>neque</strong></span> 
     </span>
     <span class='ocr_line' id='line_1_16' title="bbox 55 3139 1071 3227; baseline 0 -22"><span class='ocrx_word' id='word_1_122' title='bbox 55 3149 179 3205; x_wconf 89' lang='lat' dir='ltr'><strong>tantum</strong></span> <span class='ocrx_word' id='word_1_123' title='bbox 200 3139 280 3203; x_wconf 91' lang='lat' dir='ltr'><strong>mihi</strong></span> <span class='ocrx_word' id='word_1_124' title='bbox 300 3163 432 3226; x_wconf 84' lang='lat' dir='ltr'><strong>arrogo,</strong></span> <span class='ocrx_word' id='word_1_125' title='bbox 461 3151 497 3206; x_wconf 90' lang='lat' dir='ltr'><strong>ut</strong></span> <span class='ocrx_word' id='word_1_126' title='bbox 518 3140 643 3224; x_wconf 86' lang='lat' dir='ltr'><strong>eadem,</strong></span> <span class='ocrx_word' id='word_1_127' title='bbox 677 3163 740 3227; x_wconf 89' lang='lat' dir='ltr'><strong>qua</strong></span> <span class='ocrx_word' id='word_1_128' title='bbox 761 3139 807 3205; x_wconf 90' lang='lat' dir='ltr'><strong>illi</strong></span> <span class='ocrx_word' id='word_1_129' title='bbox 829 3140 987 3222; x_wconf 75' lang='lat' dir='ltr'><strong>usinum,</strong></span> <span class='ocrx_word' id='word_1_130' title='bbox 1017 3142 1071 3207; x_wconf 84' lang='lat' dir='ltr'><strong>via</strong></span> 
     </span>
     <span class='ocr_line' id='line_1_17' title="bbox 56 3245 1069 3332; baseline 0.001 -22"><span class='ocrx_word' id='word_1_131' title='bbox 56 3255 151 3331; x_wconf 89' lang='lat' dir='ltr'><strong>atque</strong></span> <span class='ocrx_word' id='word_1_132' title='bbox 173 3245 296 3310; x_wconf 89' lang='lat' dir='ltr'><strong>ratione</strong></span> <span class='ocrx_word' id='word_1_133' title='bbox 317 3265 338 3309; x_wconf 88' lang='lat' dir='ltr'><strong>a</strong></span> <span class='ocrx_word' id='word_1_134' title='bbox 358 3267 410 3309; x_wconf 90' lang='lat' dir='ltr'><strong>me</strong></span> <span class='ocrx_word' id='word_1_135' title='bbox 431 3245 618 3332; x_wconf 88' lang='lat' dir='ltr'><strong>indagatum</strong></span> <span class='ocrx_word' id='word_1_136' title='bbox 639 3247 680 3311; x_wconf 89' lang='lat' dir='ltr'><strong>iri</strong></span> <span class='ocrx_word' id='word_1_137' title='bbox 701 3254 824 3332; x_wconf 82' lang='lat' dir='ltr'><strong>putem,</strong></span> <span class='ocrx_word' id='word_1_138' title='bbox 845 3266 927 3330; x_wconf 84' lang='lat' dir='ltr'><strong>quae</strong></span> <span class='ocrx_word' id='word_1_139' title='bbox 947 3255 1069 3332; x_wconf 88' lang='lat' dir='ltr'><strong>praete-</strong></span> 
     </span>
     <span class='ocr_line' id='line_1_18' title="bbox 56 3346 1069 3436; baseline 0.002 -24"><span class='ocrx_word' id='word_1_140' title='bbox 56 3350 169 3413; x_wconf 85' lang='lat' dir='ltr'><strong>rierint</strong></span> <span class='ocrx_word' id='word_1_141' title='bbox 190 3347 297 3414; x_wconf 88' lang='lat' dir='ltr'><strong>oculos</strong></span> <span class='ocrx_word' id='word_1_142' title='bbox 318 3346 461 3432; x_wconf 87' lang='lat' dir='ltr'><strong>illorum,</strong></span> <span class='ocrx_word' id='word_1_143' title='bbox 489 3371 593 3436; x_wconf 88' lang='lat' dir='ltr'><strong>neque</strong></span> <span class='ocrx_word' id='word_1_144' title='bbox 608 3356 744 3436; x_wconf 87' lang='lat' dir='ltr'><strong>&#39;sperare</strong></span> <span class='ocrx_word' id='word_1_145' title='bbox 771 3369 900 3435; x_wconf 89' lang='lat' dir='ltr'><strong>possum</strong></span> <span class='ocrx_word' id='word_1_146' title='bbox 921 3346 1017 3431; x_wconf 87' lang='lat' dir='ltr'><strong>fore‚.</strong></span> <span class='ocrx_word' id='word_1_147' title='bbox 1033 3360 1069 3414; x_wconf 90' lang='lat' dir='ltr'><strong>ut</strong></span> 
     </span>
     <span class='ocr_line' id='line_1_19' title="bbox 55 3450 1068 3545; baseline 0.001 -27"><span class='ocrx_word' id='word_1_148' title='bbox 55 3455 124 3518; x_wconf 90' lang='lat' dir='ltr'><strong>sine</strong></span> <span class='ocrx_word' id='word_1_149' title='bbox 145 3453 236 3518; x_wconf 84' lang='lat' dir='ltr'><strong>novis</strong></span> <span class='ocrx_word' id='word_1_150' title='bbox 257 3450 473 3545; x_wconf 82' lang='lat' dir='ltr'><strong>gravibusque</strong></span> <span class='ocrx_word' id='word_1_151' title='bbox 499 3455 694 3538; x_wconf 81' lang='lat' dir='ltr'><strong>argumentis</strong></span> <span class='ocrx_word' id='word_1_152' title='bbox 716 3452 904 3538; x_wconf 79' lang='lat' dir='ltr'><strong>cujusquam</strong></span> <span class='ocrx_word' id='word_1_153' title='bbox 923 3450 1068 3537; x_wconf 89' lang='lat' dir='ltr'><strong>plausum</strong></span> 
     </span>
     <span class='ocr_line' id='line_1_20' title="bbox 55 3556 1068 3644; baseline 0.002 -24"><span class='ocrx_word' id='word_1_154' title='bbox 55 3557 171 3620; x_wconf 86' lang='lat' dir='ltr'><strong>feram:</strong></span> <span class='ocrx_word' id='word_1_155' title='bbox 203 3556 392 3643; x_wconf 90' lang='lat' dir='ltr'><strong>praesertim</strong></span> <span class='ocrx_word' id='word_1_156' title='bbox 418 3578 517 3642; x_wconf 91' lang='lat' dir='ltr'><strong>quum</strong></span> <span class='ocrx_word' id='word_1_157' title='bbox 546 3556 727 3644; x_wconf 89' lang='lat' dir='ltr'><strong>hujusmodi</strong></span> <span class='ocrx_word' id='word_1_158' title='bbox 761 3556 960 3642; x_wconf 88' lang='lat' dir='ltr'><strong>quaestiones</strong></span> <span class='ocrx_word' id='word_1_159' title='bbox 992 3580 1068 3622; x_wconf 89' lang='lat' dir='ltr'><strong>non-</strong></span> 
     </span>
     <span class='ocr_line' id='line_1_21' title="bbox 54 3659 1066 3749; baseline -0.002 -22"><span class='ocrx_word' id='word_1_160' title='bbox 54 3684 216 3747; x_wconf 87' lang='lat' dir='ltr'><strong>nunquam</strong></span> <span class='ocrx_word' id='word_1_161' title='bbox 238 3661 441 3744; x_wconf 87' lang='lat' dir='ltr'><strong>auctoritate,</strong></span> <span class='ocrx_word' id='word_1_162' title='bbox 463 3661 644 3749; x_wconf 86' lang='lat' dir='ltr'><strong>quaemihi</strong></span> <span class='ocrx_word' id='word_1_163' title='bbox 666 3670 713 3729; x_wconf 90' lang='lat' dir='ltr'><strong>est</strong></span> <span class='ocrx_word' id='word_1_164' title='bbox 732 3659 828 3743; x_wconf 75' lang='lat' dir='ltr'><strong>nulla,</strong></span> <span class='ocrx_word' id='word_1_165' title='bbox 848 3660 950 3745; x_wconf 89' lang='lat' dir='ltr'><strong>magis</strong></span> <span class='ocrx_word' id='word_1_166' title='bbox 972 3683 1066 3746; x_wconf 89' lang='lat' dir='ltr'><strong>quam</strong></span> 
     </span>
     <span class='ocr_line' id='line_1_22' title="bbox 53 3753 1067 3853; baseline -0.001 -23"><span class='ocrx_word' id='word_1_167' title='bbox 53 3765 325 3849; x_wconf 85' lang='lat' dir='ltr'><strong>argumentatione</strong></span> <span class='ocrx_word' id='word_1_168' title='bbox 350 3765 622 3831; x_wconf 88' lang='lat' dir='ltr'><strong>commendentur.</strong></span> <span class='ocrx_word' id='word_1_169' title='bbox 677 3764 743 3831; x_wconf 83' lang='lat' dir='ltr'><strong>Sed</strong></span> <span class='ocrx_word' id='word_1_170' title='bbox 767 3753 796 3831; x_wconf 92' lang='lat' dir='ltr'><strong>si</strong></span> <span class='ocrx_word' id='word_1_171' title='bbox 818 3763 887 3849; x_wconf 88' lang='lat' dir='ltr'><strong>jam</strong></span> <span class='ocrx_word' id='word_1_172' title='bbox 915 3764 1067 3853; x_wconf 75' lang='lat' dir='ltr'><strong>antelios</strong></span> 
     </span>
     <span class='ocr_line' id='line_1_23' title="bbox 53 3865 1066 3937; baseline -0.001 -3"><span class='ocrx_word' id='word_1_173' title='bbox 53 3869 194 3934; x_wconf 87' lang='lat' dir='ltr'><strong>sedecim</strong></span> <span class='ocrx_word' id='word_1_174' title='bbox 226 3889 325 3933; x_wconf 90' lang='lat' dir='ltr'><strong>annos</strong></span> <span class='ocrx_word' id='word_1_175' title='bbox 358 3869 410 3933; x_wconf 82' lang='lat' dir='ltr'><strong>vir</strong></span> <span class='ocrx_word' id='word_1_176' title='bbox 445 3868 638 3936; x_wconf 80' lang='lat' dir='ltr'><strong>clarissimus</strong></span> <span class='ocrx_word' id='word_1_177' title='bbox 668 3865 894 3934; x_wconf 83' lang='lat' dir='ltr'><strong>Ferdinandus</strong></span> <span class='ocrx_word' id='word_1_178' title='bbox 921 3866 1066 3937; x_wconf 84' lang='lat' dir='ltr'><strong>Rankius</strong></span> 
     </span>
    </p>

    <p class='ocr_par' dir='ltr' id='par_1_4' title="bbox 51 3969 1066 4273">
     <span class='ocr_line' id='line_1_24' title="bbox 52 3969 1066 4056; baseline -0.001 -20"><span class='ocrx_word' id='word_1_179' title='bbox 52 3973 86 4036; x_wconf 91' lang='lat' dir='ltr'><strong>in</strong></span> <span class='ocrx_word' id='word_1_180' title='bbox 97 3972 360 4035; x_wconf 87' lang='lat' dir='ltr'><strong>commentatione</strong></span> <span class='ocrx_word' id='word_1_181' title='bbox 376 3994 435 4037; x_wconf 91' lang='lat' dir='ltr'><strong>sua</strong></span> <span class='ocrx_word' id='word_1_182' title='bbox 451 3972 561 4056; x_wconf 86' lang='lat' dir='ltr'><strong>altera,</strong></span> <span class='ocrx_word' id='word_1_183' title='bbox 581 3974 635 4039; x_wconf 92' lang='lat' dir='ltr'><strong>cui</strong></span> <span class='ocrx_word' id='word_1_184' title='bbox 649 3971 749 4039; x_wconf 83' lang='lat' dir='ltr'><strong>index</strong></span> <span class='ocrx_word' id='word_1_185' title='bbox 767 3979 827 4037; x_wconf 87' lang='lat' dir='ltr'><strong>est:</strong></span> <span class='ocrx_word' id='word_1_186' title='bbox 843 3969 1066 4055; x_wconf 75' lang='lat' dir='ltr'><strong>&#39;hesiodeisclre</strong></span> 
     </span>
     <span class='ocr_line' id='line_1_25' title="bbox 53 4074 1065 4166; baseline -0.001 -26"><span class='ocrx_word' id='word_1_187' title='bbox 53 4075 188 4142; x_wconf 87' lang='lat' dir='ltr'><strong>Studien</strong></span> <span class='ocrx_word' id='word_1_188' title='bbox 210 4097 364 4160; x_wconf 86' lang='lat' dir='ltr'><strong>quaerere</strong></span> <span class='ocrx_word' id='word_1_189' title='bbox 385 4079 489 4164; x_wconf 88' lang='lat' dir='ltr'><strong>potnit</strong></span> <span class='ocrx_word' id='word_1_190' title='bbox 510 4075 556 4165; x_wconf 87' lang='lat' dir='ltr'><strong>(p.</strong></span> <span class='ocrx_word' id='word_1_191' title='bbox 577 4077 627 4166; x_wconf 80' lang='lat'><strong>3):</strong></span> <span class='ocrx_word' id='word_1_192' title='bbox 661 4099 745 4161; x_wconf 84' lang='lat' dir='ltr'><strong>„wer</strong></span> <span class='ocrx_word' id='word_1_193' title='bbox 773 4075 858 4142; x_wconf 87' lang='lat' dir='ltr'><strong>aber.</strong></span> <span class='ocrx_word' id='word_1_194' title='bbox 881 4074 937 4140; x_wconf 88' lang='lat' dir='ltr'><strong>hat</strong></span> <span class='ocrx_word' id='word_1_195' title='bbox 957 4074 1065 4141; x_wconf 89' lang='lat' dir='ltr'><strong>bisher</strong></span> 
     </span>
     <span class='ocr_line' id='line_1_26' title="bbox 51 4177 1064 4273; baseline -0.001 -27"><span class='ocrx_word' id='word_1_196' title='bbox 51 4180 119 4246; x_wconf 92' lang='lat' dir='ltr'><strong>sich</strong></span> <span class='ocrx_word' id='word_1_197' title='bbox 140 4203 181 4245; x_wconf 80' lang='lat' dir='ltr'><strong>zu</strong></span> <span class='ocrx_word' id='word_1_198' title='bbox 204 4177 267 4243; x_wconf 89' lang='lat' dir='ltr'><strong>den</strong></span> <span class='ocrx_word' id='word_1_199' title='bbox 287 4177 410 4247; x_wconf 81' lang='lat' dir='ltr'><strong>Fiisseu</strong></span> <span class='ocrx_word' id='word_1_200' title='bbox 432 4181 489 4247; x_wconf 87' lang='lat' dir='ltr'><strong>des</strong></span> <span class='ocrx_word' id='word_1_201' title='bbox 500 4181 659 4249; x_wconf 90' lang='lat' dir='ltr'><strong>Hesiodos</strong></span> <span class='ocrx_word' id='word_1_202' title='bbox 677 4179 910 4273; x_wconf 80' lang='lat' dir='ltr'><strong>niedergesetzt</strong></span> <span class='ocrx_word' id='word_1_203' title='bbox 923 4177 989 4243; x_wconf 90' lang='lat' dir='ltr'><strong>und</strong></span> <span class='ocrx_word' id='word_1_204' title='bbox 1006 4178 1064 4245; x_wconf 87' lang='lat' dir='ltr'><strong>das</strong></span> 
     </span>
    </p>

    <p class='ocr_par' dir='ltr' id='par_1_5' title="bbox 829 4295 845 4356">
     <span class='ocr_line' id='line_1_27' title="bbox 829 4295 845 4356; baseline 0 0"><span class='ocrx_word' id='word_1_205' title='bbox 829 4295 845 4356; x_wconf 86' lang='lat'>1</span> 
     </span>
    </p>
   </div>
   <div class='ocr_carea' id='block_1_2' title="bbox 0 0 1434 5122">
    <p class='ocr_par' dir='ltr' id='par_1_6' title="bbox 0 0 1434 5122">
     <span class='ocr_line' id='line_1_28' title="bbox 0 0 1434 5122; baseline 0 6"><span class='ocrx_word' id='word_1_206' title='bbox 0 0 1434 5122; x_wconf 95' lang='lat' dir='ltr'><strong> </strong></span> 
     </span>
    </p>
   </div>
  </div>
 </body>
</html>
