2864 5114
757 571 798 635 28

273 740 399 807 homine
428 741 548 807 dictum
580 741 717 806 inveniri
746 747 790 826 (Ζ
801 742 845 808 46
867 774 907 799 =
926 746 961 806 A
981 744 1053 829 131,
1078 748 1108 809 K
1126 745 1223 830 237),
1243 747 1284 812 si·

272 845 339 909 mili
358 847 479 911 ratione
500 855 594 932 atque
616 869 650 925 re
671 847 850 933 pronomini
871 846 1069 913 substantivo
1090 849 1283 935 pleonastiee

211 1004 217 1021 ,
272 949 423 1038 adjicitur
446 950 622 1034 (Thiersch.
653 973 698 1036 gr.
723 950 779 1017 Gr.
801 948 833 1041 ξ.
855 951 928 1036 314,
952 952 981 1035 1,
1004 951 1048 1040 d.)

337 1054 375 1118 V.
383 1054 434 1120 35.
456 1051 538 1117 αὖθι
553 1076 617 1119 non
635 1063 682 1119 est
704 1058 870 1139 extemplo,
893 1059 976 1119 illico
999 1057 1074 1138 (νῦν
1084 1056 1204 1138 Proct,
1225 1053 1284 1120 sed

270 1180 335 1222 una
358 1160 425 1246 ejus
456 1164 503 1222 vis
531 1157 680 1222 vocabuli
712 1156 797 1244 apud
831 1167 862 1222 et
892 1158 1069 1224 Homerum
1094 1155 1138 1245 (v.
1157 1159 1284 1222 Damm.

64 1254 70 1265 ¹
128 1286 132 1291 ·
271 1262 335 1327 lex.
356 1285 381 1353 s.
402 1260 447 1350 v.)
471 1271 503 1326 et
523 1261 700 1327 Hesiodum
721 1270 769 1326 est
790 1264 857 1341 hoc,
880 1284 940 1326 noa
961 1266 1024 1327 elio
1041 1266 1117 1326 loco.
1161 1261 1284 1326 Jamin

210 1385 215 1392 ·
242 1374 245 1383 ¹
272 1365 333 1429 hoc
353 1387 449 1430 versu
471 1364 605 1429 duarum
625 1366 921 1452 interpretationum
943 1364 1157 1454 amplexanda
1177 1372 1225 1429 est
1239 1363 1283 1428 al·

270 1476 349 1533 tera.
391 1467 458 1533 Aut
480 1468 572 1553 dicit:
600 1473 682 1533 domi
710 1481 780 1533 tuae
802 1472 884 1532 intra
903 1474 1039 1551 parietes
1054 1465 1142 1555 (nam
1164 1467 1207 1531 ad
1221 1466 1282 1531 sra-
1328 1470 1331 1477 '

271 1583 352 1639 trem
374 1575 464 1662 quasi
485 1574 610 1639 accedit
630 1597 702 1643 cum
725 1573 899 1662 carmine),
928 1596 989 1639 noa
1016 1579 1049 1638 ia
1074 1577 1145 1655 soro
1178 1592 1284 1636 coram

264 1682 421 1761 judicibus
449 1689 518 1744 aut:
540 1682 675 1758 Ascrae,
705 1700 766 1743 aon
796 1682 828 1741 in
853 1679 938 1741 arbe.
992 1676 1095 1743 Ascra
1116 1677 1201 1742 enim
1222 1675 1283 1740 fuit

272 1782 370 1869 κώμη.
422 1785 513 1866 Quae
542 1786 576 1848 in
602 1784 736 1871 privatis
767 1781 843 1847 licet
870 1781 967 1847 rebus
1000 1783 1157 1870 suijuris
1186 1781 1283 1845 fuerit

272 1887 466 1973 (Schemann
486 1887 605 1974 grieeh.
626 1886 762 1952 Alterth.
782 1887 801 1951 I
821 1909 852 1972 p.
875 1884 967 1974 126),
994 1893 1101 1950 temen
1126 1905 1282 1972 perquam

272 1990 405 2057 dubium
433 2001 493 2076 est,
527 2015 568 2057 an
590 1974 748 2074 optimates
778 1987 955 2074 (βασιλῆες)
984 1989 1031 2054 ibi
1059 1988 1282 2069 habitaverint,

271 2096 390 2183 quippe
425 2117 560 2182 quorum
588 2095 681 2159 sedes
709 2095 806 2160 fiterit
832 2095 867 2159 in
894 2093 1029 2159 urbibus
1058 2090 1116 2179 (W
1117 2089 1283 2157 achsmuth

270 2197 342 2263 hell.
363 2198 498 2264 Alterth.
519 2201 536 2264 1
557 2200 667 2287 paea.
689 2200 728 2264 cf.
749 2201 916 2265 Hermann
928 2193 1281 2288 ⁴Staatsalterth.§.ssl).

270 2303 336 2368 Sed
371 2303 413 2369 ad
440 2304 521 2370 hanc
550 2305 842 2391 interpretationem
874 2306 1025 2371 tuendam
1054 2324 1158 2389 neque
1186 2324 1217 2366 v.
1239 2300 1282 2364 29

215 2476 217 2480 ,
269 2430 373 2496 neque
393 2408 476 2474 ullus=
493 2407 582 2474 locus
603 2410 720 2475 certius
740 2410 831 2475 urbis
846 2408 1000 2474 indicium
1012 2408 1161 2496 praebet:
1182 2427 1282 2492 quare

270 2513 398 2577 faveant
429 2512 505 2577 licet
533 2514 672 2578 rationes
707 2498 856 2580 historiae
882 2536 997 2602 parum
1023 2535 1091 2578 esse
1125 2511 1280 2577 munitam

270 2616 420 2683 concedo.

331 2722 385 2788 Ad
407 2724 704 2812 cujusnam‘agrum
725 2723 814 2788 urbis
841 2721 944 2789 Ascra
971 2732 1114 2810 tempore
1142 2719 1278 2786 Hesiodi
1372 2721 1375 2729 '

268 2828 457 2913 pertinuerit
476 2849 541 2892 non
562 2835 609 2891 est
632 2826 772 2892 dubium
826 2825 956 2892 Etenim
984 2827 1018 2890 in
1040 2823 1193 2910 catalogo
1215 2823 1279 2888 Hc·

268 2934 386 2998 morico
416 2933 561 2997 civitates
594 2933 627 2996 in
648 2932 783 2997 Boeotia
815 2939 1022 2996 numerantur
1059 2928 1142 2994 duae
1171 2925 1215 3015 (v.
1238 2929 1277 2995 Ο.
1351 2962 1358 2981 ·

267 3038 391 3103 Miiller.
414 3037 604 3103 Orchomen.
634 3060 664 3124 p.
689 3037 751 3102 387
775 3034 849 3100 edit
882 3035 934 3100 alt.
955 3032 1175 3101 Wachsmuth
1190 3033 1209 3098 l.
1222 3033 1279 3098 l.I
1337 3040 1341 3046 ’

267 3166 298 3230 p.
322 3143 407 3224 176).
450 3141 563 3206 Altera
583 3143 696 3229 major,
730 3143 820 3230 eujus
847 3142 943 3206 etiam
965 3139 1097 3206 Thebae
1118 3135 1280 3224 (Ὑποθῆ-

267 3248 339 3331 βαι)
362 3255 467 3330 erant,
488 3253 621 3311 vocatur
641 3248 792 3309 Βοιωτῶν
803 3247 850 3330 (Β
859 3244 1063 3329 494—510):
1085 3243 1168 3307 inter
1189 3243 1280 3328 cujus

268 3350 387 3438 oppida
407 3350 532 3414 tametsi
543 3348 631 3434 κώμη
640 3346 743 3414 Ascra
764 3373 828 3416 non
846 3350 1028 3414 nominatur
1043 3345 1176 3435 (temere
1195 3347 1280 3411 enim

268 3453 449 3519 Zenodotus
464 3450 633 3540 ”Apqu'w
655 3454 717 3519 507
740 3455 774 3518 in
790 3454 925 3539 Ἄσκρην
954 3454 1090 3517 mutavit
1121 3450 1225 3516 Strah.
1248 3453 1279 3536 9,

266 3558 330 3623 413
344 3556 439 3646 Cas),
456 3566 562 3623 tamen
578 3566 804 3624 enumerantur
817 3556 888 3623 loca
899 3557 1079 3644 propinqua
1092 3554 1279 3640 Onchestus,

267 3662 443 3750 Thespiae,
471 3662 599 3728 Thisbe.
651 3661 793 3728 Alterius
828 3656 975 3744 minoris,
1004 3683 1100 3748 quam
1128 3657 1281 3723 tenebant

266 3766 413 3852 Minyae,
450 3752 537 3830 nulla
568 3775 641 3832 sunt
675 3765 793 3854 oppida
823 3775 951 3854 praeter
981 3763 1218 3830 Orchomenum
1249 3770 1282 3825 et

266 3868 481 3957 Aspledonem
503 3867 691 3957 (511-16).
740 3869 791 3935 Ea
819 3871 917 3957 igitur
938 3875 1054 3949 aetate,
1084 3865 1174 3952 cujus
1191 3865 1280 3952 quasi

265 3974 408 4040 tabulam
443 3975 689 4062 geographicam
725 3984 798 4041 ante
831 3973 938 4040 oculos
978 3970 1085 4035 nobis
1101 3969 1192 4055 ponit
1221 3967 1281 4033 Oa·
1393 3990 1401 4019 ι

265 4079 402 4166 talogus,
433 4082 500 4144 sive
530 4079 590 4145 fuit
629 4080 790 4147 saeculum
819 4079 895 4145 belli
923 4074 1056 4162 Trojani
1083 4074 1165 4156 sive,
1200 4093 1281 4158 quae

268 4185 422 4250 sententia
444 4184 483 4250 Ο.
504 4185 632 4250 Miilleri
657 4183 691 4273 (L
712 4185 731 4249 l.
753 4210 784 4273 p.
807 4183 871 4250 395
894 4181 968 4246 edit.
990 4179 1099 4267 prior.)
1128 4178 1282 4265 majorem

267 4292 336 4356 veri
348 4291 487 4378 speciem
506 4290 618 4376 habet,
639 4301 765 4378 tempus
779 4298 852 4378 post
871 4287 1093 4372 migrationem
1107 4280 1282 4362 Aeolicam,

269 4392 371 4461 Ascra
398 4394 456 4464 sub
486 4394 600 4461 eodem
632 4405 701 4462 erat
728 4394 862 4481 imperio
892 4399 987 4477 atque
1017 4386 1149 4454 Thebae
1176 4406 1281 4470 neque
