2864 5114
661 438 801 533 ⁴14

347 638 389 702 ΙΙ.
434 642 654 702 Diasceuustss
683 638 715 700 in
742 636 876 702 Homeri
899 636 1027 723 quidem
1050 636 1176 701 scholiis
1197 658 1300 724 neque

284 739 449 825 collegium
472 738 551 803 illud
574 739 731 805 Pisistrati
761 725 983 827 neque'eliud
1010 740 1173 806 hominum
1202 763 1302 827 genus

283 851 405 907 certum
436 843 546 908 vocari
577 841 686 908 docuit
714 844 867 909 Lehrsius
901 844 941 908 de
972 843 1069 909 Arist.
1095 844 1177 910 stud.
1206 845 1303 908 Hom.
1340 882 1344 891 ·

284 969 315 1033 p.
333 946 397 1010 349
419 968 487 1033 sqq.
530 945 653 1027 Quodsi
682 966 740 1037 nos
771 954 878 1012 tamen
907 947 1033 1013 illorum
1059 949 1186 1012 nomine
1208 949 1303 1010 inter-

283 1050 442 1138 polatores
464 1073 484 1114 a
504 1048 672 1137 rhapsodis
692 1040 836 1115 diversos
858 1050 1164 1141 comprehendimus,
1180 1049 1304 1115 duabus

286 1154 383 1218 rebus
405 1155 540 1238 sejuncti
560 1152 652 1218 nobis
674 1153 919 1219 essevidentur:
941 1155 1080 1242 primum
1096 1153 1182 1240 quod
1198 1156 1301 1217 aetate

285 1267 358 1323 sunt
379 1258 555 1339 inferiores,
578 1256 695 1321 deinde
718 1279 796 1322 vero
819 1257 905 1344 quod
927 1257 973 1322 illi
992 1257 1174 1322 auditorum
1188 1258 1300 1342 gratia,

285 1362 319 1426 hi
344 1363 378 1426 in
405 1384 497 1426 usum
524 1360 677 1426 lectorum
709 1360 819 1449 Opera
848 1371 879 1427 et
909 1361 990 1426 Dies
1022 1359 1300 1448 interpolaverrmt.

285 1466 414 1531 Etenim
443 1466 582 1530 carmine
610 1474 717 1531 nostro
745 1467 780 1529 in
805 1465 1036 1553 rhapsodorum
1065 1489 1119 1531 ore
1143 1467 1233 1552 quasi
1255 1466 1300 1526 vi-

286 1579 379 1634 vente
402 1578 496 1655 atque
526 1591 567 1632 ex
596 1568 659 1634 aha
683 1569 840 1635 Graeciae
856 1553 997 1654 'regione
1019 1570 1053 1634 in
1074 1569 1168 1634 aliam
1190 1590 1303 1655 propa·

286 1683 361 1761 gato
382 1673 569 1758 illorumque
591 1680 624 1735 et
644 1670 869 1737 additamentis
900 1681 932 1737 et
953 1673 1141 1759 corruptelis
1162 1673 1302 1759 aliquan·

286 1788 353 1844 tum
383 1801 402 1842 a
430 1777 563 1864 pristina
595 1776 698 1841 forma
726 1775 882 1842 abducto:
909 1777 981 1841 fieri
1001 1799 1065 1842 non
1086 1777 1204 1864 potuit,
1227 1779 1304 1863 quin

286 1883 415 1948 tandem
435 1891 527 1946 textu
548 1883 710 1968 recognito
743 1882 930 1975 mendisque
952 1881 1153 1969 gravissimis·
1168 1893 1304 1971 purgato

287 2009 365 2074 opus
398 1994 488 2049 esset.
536 1984 589 2048 De
620 1993 763 2071 tempore
794 1987 862 2072 ejus
895 1987 1087 2051 recensionis
1116 1985 1176 2051 hoc
1205 2009 1305 2051 unum

287 2087 480 2154 contendere
508 2089 624 2152 ausim:
654 2088 733 2151 nihil
759 2091 902 2170 omnino,
932 2090 959 2155 si
988 2112 1096 2155 omnes
1117 2088 1227 2154 versus
1259 2088 1305 2153 di-

287 2193 422 2278 ligenter
441 2192 598 2273 excutias,
624 2213 728 2277 neque
751 2215 768 2255 e
789 2191 898 2257 verbis
921 2215 1025 2281 neque
1047 2216 1089 2257 cx
1112 2180 1215 2259 'rebus
1234 2216 1306 2281 pro·

289 2297 364 2362 ferri
386 2316 496 2381 pesse,
519 2294 604 2380 quod
625 2295 709 2359 infra
730 2294 929 2391 Theognidis
950 2306 1086 2361 aetatem
1107 2320 1226 2384 ponere
1245 2320 1304 2363 nos

289 2424 360 2466 eam
391 2408 491 2486 cogat.
548 2400 633 2464 Num
662 2422 728 2464 una
752 2408 876 2465 tantum
903 2403 1046 2467 recensio
1075 2413 1148 2467 ante
1179 2404 1305 2467 criticos

288 2504 526 2572 Alexandrinos
556 2504 641 2569 facta
668 2506 709 2569 sit
734 2528 776 2570 an
801 2505 907 2592 plures
940 2506 1137 2594 temporibus
1164 2507 1305 2594 locisque

290 2612 440 2696 diversis,
467 2633 568 2698 aeque
591 2610 759 2677 obscurum
784 2621 848 2676 est:
877 2621 911 2677 at
931 2611 1009 2676 mihi
1031 2612 1160 2698 quidem
1183 2622 1306 2678 constat

288 2721 323 2783 in
345 2740 400 2800 eo,
421 2738 515 2802 quem
536 2738 594 2781 nos
615 2716 787 2799 habemus,
808 2725 901 2780 textu
921 2718 1142 2781 recensionum
1165 2716 1305 2782 diversa·

290 2846 361 2888 rum
383 2821 519 2906 vestigia
540 2820 626 2884 nulla
646 2820 783 2884 inveniri
807 2820 859 2903 (cf.
880 2822 1000 2907 Heyer.
1023 2820 1043 2885 l.
1065 2820 1084 2885 l.
1106 2845 1137 2907 p.
1157 2822 1186 2885 2.
1210 2821 1307 2886 Scho-

289 2948 393 2991 mann.
414 2924 434 2988 l.
455 2923 475 2988 l.
493 2947 524 3012 p.
549 2921 612 3010 10).
654 2925 683 2988 li
705 2932 829 3006 autem,
860 2925 914 3010 qui
943 2924 1120 2990 adornandi
1142 2927 1306 3010 negotium

290 3037 511 3118 susceperunt,
542 3035 667 3091 tantum
688 3026 822 3092 aberant
842 3037 878 3091 ut
899 3027 941 3091 ad
963 3037 1066 3093 certas
1089 3028 1243 3115 quasdam
1264 3027 1307 3091 le-

290 3158 346 3220 ges
369 3135 494 3199 criticas
518 3154 648 3218 operam
669 3155 759 3197 suam
783 3132 959 3218 dirigerent
979 3133 1028 3218 (cf.
1050 3132 1242 3218 Bernhardy
1257 3156 1306 3218 gr.
1409 3208 1414 3225 1

290 3237 497 3304 Lit-Gesch.
518 3236 553 3300 Π
574 3259 604 3322 p.
627 3236 699 3320 to),
727 3245 763 3302 ut
791 3238 853 3325 ipsi
875 3276 914 3285 -
937 3237 1095 3323 longiores
1122 3237 1199 3302 licet
1219 3237 1306 3302 locos

289 3365 353 3409 non
383 3341 629 3428 interposuerint
656 3379 695 3388 -
731 3349 845 3428 poetae
878 3341 1171 3429 rhapsodorumque
1207 3342 1309 3408 verba

290 3469 354 3511 non
376 3444 476 3510 solum
496 3453 656 3509 mutarent
684 3447 786 3532 (cujus
815 3447 942 3532 generis
962 3468 1061 3511 unum
1088 3445 1180 3510 nobis
1202 3467 1309 3510 exem-

291 3552 378 3641 plum
402 3549 647 3637 deprehendisse
666 3550 829 3616 videmur:
850 3575 880 3616 v.
902 3550 944 3616 ad
965 3575 996 3615 v.
1017 3551 1097 3634 5043
1123 3550 1217 3638 plura
1239 3551 1307 3615 sine

293 3659 391 3724 dubio
412 3658 537 3739 latent),
559 3656 616 3721 sed
638 3657 742 3740 etiam,
763 3657 820 3723 ubi
842 3657 920 3744 quid
941 3658 980 3721 iis
1003 3656 1113 3721 deesse
1136 3654 1309 3738 videretur,

294 3764 335 3829 de
356 3786 413 3829 suo
434 3760 607 3827 adderent:
636 3784 698 3847 qua
729 3763 762 3825 in
785 3785 820 3827 re
841 3764 964 3827 utinam
985 3761 1056 3849 plus
1073 3759 1189 3846 judicii
1212 3768 1308 3845 atque

294 3868 479 3935 eruditionis
510 3866 733 3945 ostendissent!
763 3905 804 3912 -
852 3868 971 3935 Tribus
999 3874 1106 3931 autem
1134 3864 1310 3947 decausis

294 3993 405 4038 versus
425 3971 466 4036 ab
488 3971 528 4035 iis
549 3979 622 4034 sunt
643 3969 753 4034 additi.

363 4078 390 4141 1.
433 4076 546 4159 Quum
569 4085 601 4140 et
629 4075 779 4164 episodiis
808 4075 1038 4164 rhapsodorum
1067 4094 1164 4160 opera
1185 4074 1311 4138 insertis

200 4222 220 4247 ·.
296 4191 328 4247 et
347 4181 474 4265 ingenio
495 4188 675 4266 temporum
696 4180 860 4267 paullatim
884 4199 1037 4243 converso
1054 4177 1123 4264 jam
1138 4175 1236 4242 multo
1252 4175 1316 4240 dif-

295 4286 409 4351 ficilius
431 4292 597 4350 contextus
618 4285 759 4352 universi
792 4285 940 4350 carminis
959 4307 978 4349 a
1000 4281 1170 4347 lectoribus
1191 4281 1311 4367 perspi-
