2864 5114
557 381 662 488 eoo

65 573 144 671 fene,
166 588 226 654 der
247 591 329 657 eben
350 617 412 659 nur
432 615 584 660 numerus
605 596 653 676 ist,
674 595 783 680 fruges
804 619 990 662 consumere
1008 601 1083 682 nati,

66 691 121 757 die
142 696 352 780 quantitative
367 697 561 784 Austiillung
581 699 638 764 des
652 700 917 786 Hintergrundes,
939 701 997 765 auf
1009 701 1083 767 dem

66 798 135 864 sich
162 798 216 864 die
244 800 455 870 leuchtenden
481 804 646 872 Gestalten
674 805 732 870 der
753 807 883 870 Heroon
912 805 1083 893 bewegen“

67 900 203 982 (Prellen
220 902 280 968 ll.
304 928 334 993 p.
358 907 408 971 19.
431 906 470 972 cf.
491 908 631 973 Nitasch.
654 907 673 972 l.
695 907 714 975 l.
735 909 753 974 I
775 931 804 996 p.
826 910 910 992 235).

132 1005 258 1072 Bellum
280 1019 357 1093 erat,
379 1013 412 1075 in
434 1033 497 1098 quo
519 1034 642 1077 summa
663 1013 764 1077 virtus
786 1012 918 1077 heroum
940 1011 1084 1099 exsplen-

70 1107 229 1178 descebat.
280 1113 403 1185 Audiat
437 1102 513 1180 [icet
544 1114 624 1180 illud
654 1112 794 1199 πόλεμος
828 1117 925 1190 κακὸς
952 1125 1084 1203 propter

69 1213 211 1300 caedem,
233 1228 376 1304 emergat
397 1220 574 1283 communis
594 1240 704 1284 sensus
724 1219 887 1286 bominum
908 1221 942 1284 in
962 1219 1083 1284 deside·

69 1317 119 1381 rio
140 1320 367 1410 tranquillioris
388 1321 534 1386 fortunae
556 1324 597 1401 (Σ
619 1323 707 1405 107):
728 1330 836 1387 tamen
849 1323 968 1389 bellum
981 1346 1085 1411 neque

68 1429 182 1506 poetae
208 1443 312 1509 neque
340 1423 490 1507 heroibus
522 1425 590 1511 ejus
622 1426 706 1488 inter
740 1424 824 1489 mala
859 1449 977 1512 magna
1017 1448 1085 1492 esse

69 1533 183 1612 potest
225 1527 347 1591 Verum
372 1529 469 1614 juxta
497 1529 631 1614 gloriam
656 1528 852 1593 fortitudinis
875 1552 998 1603 summa
1019 1531 1086 1595 feli·

70 1632 150 1696 citae
170 1633 274 1718 posita
295 1644 343 1697 est
362 1635 396 1698 in
410 1632 485 1698 'vita
504 1634 598 1698 hilari
620 1656 658 1698 ac
679 1655 793 1699 serena
813 1637 853 1716 (v.
875 1633 1085 1720 thelsbach.

70 1734 91 1798 l.
111 1735 131 1800 l.
151 1760 182 1823 p.
204 1737 277 1801 308.
299 1737 334 1826 9)
363 1739 566 1805 affluentibus
598 1739 697 1804 rebus
724 1737 879 1803 omnibus.
935 1737 1028 1818 Quae
1057 1740 1085 1802 si

71 1840 225 1925 deessent,
246 1842 331 1908 bella
350 1842 504 1930 praedam
526 1844 662 1929 opimam
687 1863 784 1925 parvo
798 1841 959 1906 molimine
972 1841 1086 1927 largie-

70 1941 203 2011 bantbr:
224 1956 257 2010 at
278 1949 443 2012 rusticatio
464 1967 599 2032 operosa
613 1955 647 2010 et
666 1953 847 2010 mercatura
860 1944 1003 2009 laborem
1019 1944 1085 2017 lon·

71 2070 150 2134 gum
175 2069 273 2136 parce
300 2033 539 2115 remunerantes
560 2048 696 2114 humiles
726 2071 794 2114 esse
815 2057 911 2134 atque
931 2057 1085 2133 angustae

72 2152 266 2218 videbantur
288 2152 319 2234 (t
338 2153 412 2217 489.
420 2154 471 2218 90.
492 2155 521 2214 e
544 2153 715 2242 161-64).

139 2256 277 2322 Omnino
307 2267 415 2323 autem
442 2257 584 2322 Homero
610 2279 688 2343 prae
711 2257 835 2342 magnis
855 2254 916 2320 illis
937 2253 1086 2320 heroibus
1107 2294 1109 2297 ·

72 2361 217 2426 homines
248 2363 297 2427 sui
324 2363 477 2450 temporis
503 2371 576 2427 sunt
604 2363 718 2449 pusilli.
761 2361 854 2427 lllam
875 2369 1012 2425 aetatem
1032 2359 1087 2425 fla

71 2467 274 2551 grantissimo
296 2465 456 2545 desiderio
476 2469 695 2553 prosequitur3
718 2464 859 2530 reditum
874 2465 944 2551 ejus
956 2487 1085 2551 sperare

72 2571 194 2655 nequit
238 2568 304 2636 Sed
324 2570 379 2636 vel
397 2572 461 2659 ipsi
481 2570 529 2635 illi
549 2570 662 2635 heroes
683 2571 867 2656 frequenter
888 2575 921 2631 et
942 2569 1087 2653 graviter

73 2685 249 2762 queruntur
276 2675 317 2740 de
344 2675 440 2740 rebus
468 2674 615 2738 humanis
646 2673 743 2738 fluxis
770 2680 867 2758 atque
895 2670 1025 2735 caducis
1055 2681 1086 2736 et

72 2782 234 2845 aerumnis
260 2782 363 2863 vitae,
395 2779 496 2866 qualis
520 2780 653 2865 contigit
673 2775 965 2862 ὄιζνροτςβροτοῖς,
988 2796 1085 2860 quum

72 2884 171 2947 etiam
200 2881 296 2969 ἀργία
329 2883 484 2948 nobilium
513 2881 607 2968 longe
635 2883 720 2947 absit
739 2904 759 2945 a
778 2878 975 2953 beatitudine
996 2881 1087 2949 θεῶν
1132 2891 1136 2899 ’

73 2984 146 3071 ῥεῖα
168 2985 309 3061 ζωόντων
329 2987 380 3068 (cf.
401 2984 614 3071 Nttgelsbach.
634 2986 654 3050 l.
668 2985 688 3050 l.
700 3009 732 3072 p.
745 2985 810 3050 319
818 3005 887 3070 sqq.
898 2983 990 3069 impr.
999 2981 1086 3071 323).

62 3105 67 3114 ·
138 3090 238 3156 Plane
260 3091 388 3155 diversa
409 3098 457 3154 est
477 3090 559 3154 ratio
580 3093 685 3177 poesis
702 3089 880 3153 didacticae
897 3086 1043 3173 Operum
1055 3096 1088 3153 et

71 3193 228 3277 Dictum,
257 3214 338 3280 quae
365 3200 433 3256 tota
462 3192 504 3256 ad
540 3194 769 3259 institutionem
796 3193 882 3256 vitae
904 3190 1088 3256 'communis

72 3307 205 3385 spectat
247 3298 321 3362 Non
351 3294 440 3360 deest
469 3295 599 3382 quidem
627 3298 661 3361 in
691 3296 791 3361 literis
817 3294 904 3359 ali-ud
926 3293 1087 3381 quoddam

72 3424 175 3489 genus
197 3401 374 3466 carminum
396 3398 638 3484 mosaicorum,
659 3409 841 3490 separatum
859 3399 973 3464 abusu
986 3400 1087 3465 vitae:
1165 3393 1169 3397 ⁶

72 3506 161 3594 quod
182 3506 221 3571 iis
243 3503 400 3570 aetatibus
421 3503 536 3569 florere
558 3504 649 3587 solet,
684 3527 767 3591 quae
790 3505 859 3592 jam
880 3505 1019 3590 impares
1041 3503 1086 3568 di·
1192 3554 1195 3559 .

71 3612 233 3698 gniseimis
260 3609 373 3687 studiis
402 3607 565 3674 hominum
595 3607 824 3695 amplectendis
850 3608 951 3672 amori
978 3631 1087 3673 rerum

71 3713 209 3781 altarum
231 3723 263 3806 et
284 3713 468 3779 sublimium
489 3734 651 3799 nunquam
676 3734 805 3799 prorsus
827 3713 1027 3776 evanescenti
1049 3733 1086 3777 eo

70 3819 256 3884 satisfacere
277 3818 420 3899 student,
447 3825 485 3880 ut
505 3815 691 3902 quotidiana
710 3823 824 3880 ornatu
843 3815 975 3900 poetico
991 3836 1086 3900 quam

71 3923 215 3988 maxime
240 3921 435 4009 amplificent
462 3932 557 4005 atque
592 3919 754 3985 extollant
804 3915 870 3982 Sed
893 3939 1085 4004 quamquam

70 4027 236 4112 ejusmodi
257 4026 400 4090 carmina
429 4047 494 4090 non
520 4034 601 4109 tam¹
622 4025 737 4090 docere
768 4022 880 4088 volunt
908 4045 1003 4109 quam
1031 4023 1084 4090 de

71 4130 210 4212 lentare,
238 4137 346 4192 tamen
373 4151 414 4192 ne
439 4128 496 4193 illa
516 4128 646 4215 quidem
667 4151 688 4193 a
708 4128 845 4192 veritate
865 4149 972 4191 rerum
992 4110 1085 4212 longe
1105 4171 1113 4192 .

72 4232 226 4308 recedere
256 4240 404 4318 possunt,
435 4242 472 4297 ut
508 4233 623 4298 docent
659 4233 818 4318 Georgica
851 4231 989 4316 Virgilii.-
1040 4230 1085 4295 At
