2864 5114
771 427 813 491 50

288 599 459 683 Hesiodus,
481 599 536 684 qui
557 605 641 663 totus
663 607 809 664 versatur
831 600 863 663 in
886 598 962 676 vita,
984 596 1086 683 qualis
1107 618 1223 661 revera
1243 606 1304 680 est,

286 707 320 769 in
342 703 486 789 Operum
506 709 539 765 et
559 701 696 767 Dierum
718 703 876 784 carmine,
900 701 959 765 etsi
981 700 1152 765 artificiose
1173 721 1304 788 compo

286 808 346 872 sito
367 803 586 891 neque‘raris,
608 802 666 868 ubi
686 826 739 868 res
760 804 898 887 sinebat,
927 804 1119 869 ornamentis
1142 803 1303 888 distincto,

203 946 206 953 »
286 919 393 975 tamen
421 916 494 971 ante
523 908 630 972 omnia
662 909 860 995 propositum
887 906 986 973 habet
1008 905 1141 975 docere:
1172 906 1303 995 quade

286 1034 382 1077 causa
402 1010 472 1098 plus
492 1009 591 1074 semel
619 1012 653 1074 in
681 1033 719 1076 ea
740 1021 915 1099 praecepta
937 1011 1111 1092 delabitur,
1140 1033 1226 1099 quae
1245 1035 1302 1094 ps-

286 1114 456 1200 κρολογίαν
486 1115 676 1179 convincere
702 1115 896 1181 videbantur
921 1116 1119 1202 temporibus
1145 1116 1302 1204 posteris

286 1221 384 1302 ribus,
407 1241 504 1306 quum
519 1220 590 1305 jam
611 1229 643 1284 et
664 1221 861 1306 propositum
882 1219 962 1285 illud
984 1230 1097 1307 poetae
1118 1243 1234 1308 parum
1256 1221 1302 1287 in-

286 1322 483 1408 telligeretur
504 1330 535 1386 et
557 1344 685 1387 carmen
709 1323 750 1388 ab
765 1325 804 1388 iis
817 1346 943 1410 quoque
958 1323 1162 1407 lectitaretur,
1182 1324 1301 1411 quibus

242 1419 246 1434 '
286 1425 446 1493 Hesiodus
473 1447 538 1491 non
566 1427 733 1492 cecinerat
785 1429 932 1514 Namque
963 1438 1059 1516 poeta
1079 1428 1132 1495 ille
1153 1429 1301 1497 Hilotunr

285 1540 456 1621 praecepta
478 1532 591 1613 omnia,
605 1533 641 1595 'si
663 1553 735 1596 eum
757 1530 863 1597 locum
885 1555 947 1618 quo
963 1534 1107 1620 justitiae
1127 1533 1301 1601 admonen-

285 1651 337 1705 tur
353 1636 480 1726 judices
500 1638 656 1724 excipias,
678 1637 720 1702 ad
742 1637 869 1724 plebem
882 1638 1033 1704 misticum
1047 1639 1204 1704 convertit
1219 1639 1301 1726 ejus·

285 1767 346 1832 que
368 1744 454 1808 vitae
475 1743 569 1808 unius
596 1743 752 1808 rationem
780 1741 886 1807 habet.
934 1743 1009 1829 Ipse
1040 1743 1170 1830 quidem
1191 1744 1302 1832 aliqua

284 1871 326 1912 ex
347 1855 438 1934 parte
461 1853 606 1910 versatum
627 1854 720 1910 extra
740 1845 826 1911 hunc
848 1845 1009 1928 ordinem,
1036 1847 1122 1912 vitae
1143 1847 1300 1929 nobilium

283 1950 415 2039 propior
435 1957 471 2014 ut
502 1945 624 2023 ἀοιδοί,
655 1971 790 2035 quorum
820 1951 952 2032 κίθαρις
973 1958 1021 2015 est
1041 1949 1194 2035 ἐργασίαν
1218 1953 1300 2037 φεύ-

282 2071 382 2133 γουσα
410 2050 585 2135 δυήπαθον
619 2052 749 2139 (Hymn
779 2053 878 2118 Mero.
906 2053 999 2142 486),
1027 2054 1085 2120 sed
1109 2079 1169 2144 per
1196 2067 1299 2127 totum

284 2180 413 2225 carmen
433 2156 520 2220 illam
540 2179 709 2243 personam
738 2157 885 2244 deposuit
912 2181 1017 2245 neque
1046 2176 1094 2243 est
1113 2163 1181 2226 nisi
1198 2160 1301 2248 δηρό-

284 2286 349 2346 ιης,
372 2258 489 2326 οιάοιιι
507 2269 602 2346 atque
624 2263 723 2326 ceteri
745 2262 890 2349 ejusdem
911 2266 1004 2330 sortis
1024 2264 1168 2333 homines
1182 2276 1216 2332 et
1229 2290 1299 2333 sen·

284 2371 366 2434 tiens
389 2375 420 2430 et
441 2365 591 2450 cogitans.

348 2470 461 2558 Neque
482 2460 560 2534 vcro
575 2468 732 2534 sentiendi
747 2470 971 2558 cogitandique
986 2475 1069 2540 ratio
1082 2483 1130 2539 est
1141 2498 1188 2559 ea,
1202 2499 1298 2564 quam

274 2584 370 2667 ¹recte
381 2573 468 2639 dicas
477 2571 714 2659 δημοκρατικόν.
734 2574 819 2639 Nam
826 2573 879 2639 ille
891 2576 959 2662 ipse
968 2577 1127 2664 splendor,
1138 2581 1299 2667 quofabu·

284 2682 333 2748 lae
356 2689 388 2746 et
408 2680 513 2766 poesis
534 2679 626 2765 epioe
648 2679 848 2764 optimatium
878 2703 997 2766 genera
1018 2683 1297 2770 circumfuderant,

284 2794 319 2849 ut
340 2783 381 2848 ad
404 2805 466 2865 eos,
488 2780 645 2870 quidquid
668 2781 724 2847 alti
746 2793 841 2870 atque
861 2785 980 2851 excelsi
996 2788 1083 2852 natio
1098 2787 1298 2856 Graecorum

283 2885 508 2967 venerabatur,
535 2887 597 2972 ipsi
622 2894 729 2949 autem
758 2887 800 2952 ad
830 2887 906 2953 deos
934 2889 1128 2956 immortales
1149 2890 1298 2960 annecte

283 3000 411 3072 rentur,
443 2989 640 3075 temporibus
662 2988 797 3054 Hesiodi
818 2990 1031 3058 firmissimum
1052 2994 1188 3081 imperio
1209 2995 1299 3063 nobi·

282 3095 380 3163 litatis
400 3101 469 3157 erat
488 3091 691 3178 praesidium.
734 3093 889 3174 Quamuis
909 3118 1058 3182 magnam
1076 3092 1232 3184 injmtitia
1254 3110 1299 3168 at·

284 3220 346 3285 que
368 3195 518 3283 superbia
539 3194 665 3260 illorum
685 3217 744 3287 peq
766 3195 880 3264 multas
902 3198 1059 3265 Graeciae
1081 3202 1228 3269 civitates
1251 3205 1296 3271 in·

283 3301 498 3386 dignationem
520 3301 680 3382 movisset,
702 3302 864 3365 tamenin
887 3305 993 3369 animo
1012 3305 1150 3370 Hesiodi
1168 3329 1298 3379 ,eorum-

283 3428 358 3492 que,
380 3406 494 3492 quibus
516 3413 563 3468 est
584 3405 756 3491 interpres,
786 3427 827 3470 ne
859 3406 1002 3473 oboritur
1024 3409 1155 3496 quidem
1177 3416 1297 3500 cogita·

281 3512 342 3576 tio:
364 3533 455 3597 posse
476 3508 646 3595 aliquando
667 3509 794 3596 plebem
816 3521 967 3598 negatum
982 3515 1037 3600 jus
1059 3516 1123 3580 suis
1145 3515 1209 3582 sibi
1231 3541 1297 3600 ma·

284 3614 378 3679 nibus
400 3634 587 3701 expugnare
611 3613 663 3696 (cs.
676 3613 805 3701 Helbig,
828 3615 858 3680 d.
871 3616 944 3682 sittl.
954 3619 1117 3684 Zusunde
1130 3619 1160 3684 d.
1174 3622 1296 3706 griecla

283 3718 505 3785 Heldenalters
525 3718 555 3804 p.
578 3716 643 3804 71)
694 3718 798 3784 Tanta
827 3721 932 3807 potius
961 3722 1024 3787 illis
1054 3733 1101 3788 est
1129 3728 1295 3811 persuasio

283 3821 506 3889 imbecillitatis
535 3843 624 3903 suae,
660 3830 696 3886 ut
723 3823 878 3889 auxilium
907 3849 1062 3913 nusquam
1092 3829 1153 3893 nisi
1184 3852 1205 3895 a
1232 3830 1296 3897 diis

283 3935 470 4016 exspectent
498 3929 538 4007 (v.
560 3925 624 3990 250
645 3930 736 4013 sqq),
769 3930 846 4015 quin
874 3931 970 3996 etiam
1001 3939 1037 3995 ut
1058 3953 1101 3996 ex
1122 3931 1295 4001 bonafide

283 4030 443 4096 Hesiodus
464 4027 669 4117 proloquatur
688 4032 773 4094 omni
794 4032 911 4120 populo
933 4056 1051 4120 poenas
1073 4042 1295 4122 propeccatis

215 4176 217 4187 ·
283 4134 408 4232 illorum
429 4155 497 4198 esse
518 4132 698 4198 subeundas
721 4132 817 4220 (260).
847 4137 959 4223 ltaque
980 4161 1044 4204 non
1058 4140 1184 4223 mirum,
1206 4144 1295 4230 quod

282 4239 334 4303 vel
357 4246 473 4325 postea,
494 4257 591 4322 quum
614 4239 762 4324 iniquitas
778 4243 847 4326 jam
868 4242 954 4309 nullo
976 4242 1071 4310 modo
1088 4244 1164 4310 ferri
1176 4259 1293 4334 posset,
