2864 5114
744 431 786 494 64

264 599 344 664 mire
365 600 527 686 langueat,
549 609 618 665 tum
638 621 716 664 vero
736 598 891 664 nobilium
913 603 1025 686 paucis
1037 612 1109 667 ante
1130 601 1276 666 versibus

265 704 333 787 (38)
354 705 440 769 faeta
461 705 620 769 mentione
642 703 736 790 plane
758 704 876 768 otiosus
897 714 952 768 est.

326 809 379 874 De
408 808 516 874 fabula
553 810 630 872 scite
662 808 785 874 monuit
814 806 1027 872 Vollbehrius
1053 807 1073 871 l
1094 808 1115 872 l.
1146 831 1177 896 p.
1199 810 1275 891 49);

263 911 373 994 „Quae
395 913 502 978 fabula
523 914 584 977 nisi
606 913 680 977 huie
702 913 772 977 loeo
802 913 978 1000 composita
1004 912 1183 999 adipsum
1212 913 1277 978 He

264 1016 389 1081 siodum
414 1026 573 1104 spectaret
605 1026 747 1105 poetam,
779 1039 821 1079 ex
850 1039 910 1081 usu
944 1026 1094 1083 consueto
1130 1017 1277 1083 columba

252 1119 416 1186 'lusciniae
438 1120 508 1186 loco
530 1121 675 1186 adhibita
697 1123 806 1185 esset.“
931 1198 936 1208 x

330 1224 369 1289 V.
385 1224 449 1288 212
471 1224 514 1298 ὡς
534 1221 630 1307 ἔφατ’
652 1221 811 1307 αἴκνττέτης
831 1223 918 1309 ἴρηξ,
940 1227 1160 1310 τανυσίπτερος
1181 1225 1276 1308 ὄρνις.

265 1327 338 1391 Hoe
359 1349 454 1391 versu
473 1327 617 1391 ultimum
645 1328 783 1392 recurrit
815 1324 857 1390 ad
886 1348 979 1389 avem
1008 1328 1193 1415 superbam,
1223 1351 1277 1393 no-

265 1431 378 1497 bilium
399 1431 546 1517 effigiem.
600 1431 686 1495 Tum
712 1431 803 1518 quasi
831 1430 1003 1516 desperans
1020 1431 1109 1522 iore,
1146 1442 1181 1497 ut
1208 1456 1278 1497 ver·

266 1536 316 1601 bis
349 1537 412 1601 suis
441 1536 568 1601 illorum
603 1536 724 1600 animos
755 1544 879 1621 tangat,
917 1538 1106 1620 gravissima
1135 1540 1277 1604 oratione

268 1640 310 1706 ad
341 1640 473 1705 fratrem
504 1641 700 1705 convertitur
727 1639 791 1706 213
828 1631 855 1702 ὤ
895 1641 1018 1725 Πέρση,
1054 1644 1092 1706 σε)
1122 1641 1156 1706 (ἴ
1181 1643 1278 1708 ἄκουε

268 1741 370 1830 δίκης,
392 1743 471 1830 μηδ’
492 1743 584 1832 ὕβριν
608 1743 742 1830 sorta.-
764 1744 894 1828 „saltem
916 1752 951 1809 tu
973 1745 1058 1830 audi,
1080 1748 1116 1829 si
1129 1749 1280 1837 superbia

267 1850 336 1916 illos
354 1849 496 1915 reddidit
518 1850 659 1940 surdos.“
704 1849 887 1937 Sequrmtur
908 1850 1046 1916 rationes
1056 1870 1109 1918 vv.
1120 1853 1279 1919 214-18.
1391 1849 1393 1853 ’

270 1958 303 2039 1)
325 1958 503 2019 Perniciosa
525 1965 573 2020 est
595 1959 644 2038 (ut
664 1953 803 2018 studium
831 1952 934 2018 litium
969 1992 1012 2005 -
1033 1978 1064 2019 v.
1086 1957 1214 2023 30-33
1237 1996 1278 2006 -
1355 2000 1362 2008 ,

267 2059 312 2125 ita
333 2059 470 2144 omnino]
500 2059 650 2147 superbia
677 2057 806 2123 homini
832 2056 873 2121 de
905 2057 1014 2145 plebe:
1042 2057 1131 2146 ιῖβρις
1157 2060 1220 2150 γάρ
1248 2085 1280 2125 τε

268 2163 365 2249 κακη
393 2161 488 2249 δειλῷ
515 2165 628 2248 βροτῷ.
677 2163 711 2246 2)
740 2161 853 2247 Neque
883 2161 1006 2227 nobiles
1035 2185 1106 2228 eam
1127 2177 1280 2249 exercent

269 2272 411 2331 imaum:
440 2276 488 2331 est
516 2269 600 2330 enim
627 2274 779 2352 tanquam
809 2288 888 2331 onus
914 2289 1031 2351 grave,
1060 2290 1122 2354 quo
1150 2269 1279 2336 tandem

270 2374 512 2461 opprimuntur:
531 2368 608 2434 οὐδέ
627 2391 682 2452 μιν
696 2368 815 2443 ἐσθλὸς
836 2367 964 2456 ῥηιδίως
979 2373 1114 2455 φερέμεν
1136 2370 1280 2450 δύναται,
1362 2446 1365 2451 ,

269 2474 409 2560 βαρύθει
432 2472 469 2537 δέ
494 2472 530 2537 θ’
551 2471 613 2537 ὑπ’
634 2471 746 2558 αὐτῆς,
777 2472 930 2555 ἐγκύρσας
952 2473 1070 2560 αἴτησιν.
1121 2477 1157 2558 3)
1177 2477 1279 2542 Multo

270 2588 411 2667 praestat
431 2579 495 2674 τίει,
500 2579 597 2665 juris:
629 2575 705 2651 ὁδὸς
726 2575 759 2640 δ’
778 2574 904 2662 ἑτέρηφι
933 2575 1112 2663 ααρεῖθείν
1132 2581 1281 2665 κρείσσων

243 2685 303 2765 ,ἐς
324 2683 362 2747 τὰ
384 2681 503 2747 δίκαια.
545 2682 576 2766 4)
598 2683 682 2747 Nam
705 2685 826 2745 tandem
848 2684 1015 2764 aliquando
1043 2685 1189 2770 superior
1210 2706 1282 2749 era-

221 2804 224 2811 '
272 2787 319 2855 dit
340 2810 435 2854 eausa
455 2790 558 2876 justa:
590 2784 661 2872 δίκη
683 2785 717 2849 δ’
743 2785 823 2873 ὑπὲρ
853 2785 960 2872 ιῖβριυς
990 2787 1067 2867 ἴσχει
1097 2786 1136 2861 ἐς
1164 2787 1282 2864 τέλος

271 2893 516 2970 ἐξελθοῦσα.
559 2891 594 2972 5)
616 2890 713 2973 Quod
735 2913 813 2955 eave
835 2913 905 2956 sero
928 2912 1116 2978 cognoscas:
1137 2895 1281 2956 παθών

114 2999 116 3004 ’
151 3056 153 3061 s
198 3063 201 3069 ,
271 2996 308 3063 δέ
328 3020 359 3060 τε
379 2996 492 3082 νήπιος
512 2995 602 3074 ἔγνω.
650 2996 775 3060 Harum
805 2995 1033 3059 sententiarum
1060 3004 1189 3081 quarta,
1212 2997 1282 3083 jam

271 3102 380 3168 verbis
400 3125 430 3166 v.
453 3103 498 3167 36·
517 3099 645 3179 αἴτ’,ἴκ
674 3099 750 3174 Διός
781 3099 861 3163 εἴσιν
890 3099 1014 3182 ἄρισται
1048 3099 1281 3186 quodammodo

272 3206 513 3295 praenunciata,
534 3225 618 3269 nune
639 3203 769 3268 uberius
790 3211 944 3268 tractatur
976 3213 1085 3291 estque
1105 3227 1183 3270 vera
1211 3228 1282 3292 pro-

272 3310 386 3398 positio
407 3332 458 3374 vv.
480 3308 646 3373 203-85:
674 3308 720 3372 ita
751 3308 880 3394 quidem
909 3317 946 3372 ut
974 3330 1026 3391 ea,
1057 3329 1139 3395 quae
1169 3319 1280 3375 eontra

273 3413 423 3478 dicuntur
447 3411 525 3495 (203
547 3411 627 3498 sqq.)
659 3412 719 3474 etsi
751 3410 911 3497 prioribus
950 3411 1111 3497 aptissime
1146 3434 1282 3496 annexa,

273 3517 335 3604 ipsi
361 3515 569 3603 propositioni
601 3515 776 3604 praemissa
805 3515 868 3578 siut
898 3521 931 3578 et
961 3512 1041 3578 haee
1067 3514 1137 3600 jam
1172 3516 1282 3602 aperte

273 3619 465 3709 respondeat
498 3621 588 3681 θέσει
622 3603 878 3684 adversariorum
915 3616 977 3697 ἔχει
1013 3616 1053 3680 νύ
1089 3634 1123 3680 σε
1160 3617 1284 3682 πολλὸν

274 3725 399 3814 α’ρείων.
448 3723 555 3811 Atque
587 3725 621 3788 in
642 3723 700 3794 illa
726 3724 882 3787 sententia
902 3722 1032 3786 minime
1054 3722 1282 3809 negligendum

273 3833 308 3906 ἐς
327 3828 414 3903 τίλας
434 3826 626 3904 ἐξελθοῦσα,
655 3825 741 3913 quod
768 3825 864 3891 rebus
885 3824 1020 3891 Hesiodi
1048 3827 1284 3913 inpraesentia

274 3935 417 4024 oppressi
437 3924 712 4017 unumeonrenit
756 3931 876 4012 Quinta
898 3931 1055 3995 sententia
1084 3939 1131 3994 est
1153 3953 1284 4018 prover·

273 4041 362 4107 bium
372 4038 478 4124 (1²32)
501 4034 750 4123 epiphonematis
771 4035 854 4118 loeo,
884 4043 920 4100 ut
950 4056 1045 4121 saepe
1078 4035 1113 4099 in
1133 4034 1194 4099 hoe
1207 4058 1283 4119 ,aar-

273 4146 358 4220 mine
380 4142 498 4207 factum
521 4160 588 4205 esse
610 4139 768 4222 videmus,
791 4141 833 4206 ab
853 4138 996 4211 Hesiodo
1018 4137 1204 4204 adhibitum.
1324 4212 1326 4215 ,

256 4311 258 4314 .
337 4249 416 4330 Quis
439 4256 498 4328 est,
532 4245 587 4331 qui
615 4267 635 4307 a
656 4244 815 4310 nobilibus
837 4243 1061 4330 potentissimis
1087 4264 1204 4330 poenas
1234 4267 1282 4310 re-
