2864 5114
608 375 648 440 67

120 550 217 629 atque
238 550 274 609 at
302 543 426 613 dicant:
455 567 550 632 saepe
580 570 643 612 non
671 546 773 614 solum
803 549 863 634 ipsi
888 548 983 635 impii
1013 571 1155 635 poenas¹

19 729 22 737 ,
120 645 249 712 scalena
278 647 382 732 luunt,
417 649 474 713 sed
502 649 650 715 universa
679 653 791 716 civitas
818 673 891 716 erun
920 653 968 716 iis.
1017 652 1130 717 Atax

72 782 74 793 ·
121 774 151 815 v.
174 751 236 816 227
258 752 329 818 luce
352 752 467 818 clarius
489 762 621 821 estnon
642 754 780 819 πολλάκι
802 756 859 821 sed
888 779 1015 844 semper
1043 759 1130 824 cives

121 877 194 920 cum
210 854 375 943 judicibus
398 857 463 922 suis
484 867 540 923 aut
559 859 702 945 praemio
724 857 809 923 affici
825 868 880 925 aut
896 882 1000 946 poena
1011 859 1064 947 (cf.
1078 867 1149 927 vu’

120 956 240 1023 260.61
266 969 298 1024 et
318 981 400 1047 quae
420 960 464 1026 ad
487 984 559 1027 eum
580 962 798 1046 lafferentur).
841 963 1063 1050 Itaqueunum
1077 965 1129 1030 hic

121 1071 190 1128 erat
209 1072 319 1150 aptum
339 1066 394 1125 ιιολ
413 1062 483 1138 ἑνὸς
504 1058 640 1152 clodoici
661 1066 713 1131 vel
733 1089 793 1154 pro
814 1067 959 1151 singndir,
980 1091 1044 1134 non
1059 1068 1127 1156 plu·

119 1165 209 1232 ribus
214 1165 378 1253 judicibus
391 1168 523 1254 injustia
559 1169 625 1236 Sed
638 1171 706 1235 sine
717 1169 815 1236 dubio
828 1171 957 1237 aliunde
969 1171 1130 1261 adscripta

119 1278 167 1336 est
186 1271 341 1335 sententia
361 1270 416 1335 illa
428 1294 487 1359 per
497 1296 530 1338 se
539 1296 603 1339 non
613 1274 728 1361 inepta
761 1275 884 1340 Verum
895 1277 964 1362 jam
974 1276 1130 1343 accedunt

119 1376 218 1463 ipsius
238 1375 473 1463 interpolatoris
491 1377 647 1443 versiculi
690 1378 735 1443 Et
747 1400 776 1443 ν.
786 1379 915 1465 quidem
933 1371 997 1444 242
1018 1380 1062 1446 ad
1081 1403 1129 1447 or·

119 1479 271 1544 diendam
291 1479 506 1545 calamitatum
526 1481 796 1547 enumerationem
818 1504 877 1548 ev.
889 1484 953 1549 239
975 1486 1130 1573 repetitae
1164 1487 1166 1490 ’

120 1592 168 1649 est
194 1582 253 1670 (ita
274 1583 341 1648 fere
360 1584 516 1650 Twesten.
539 1607 665 1672 quoque
682 1568 842 1672 judicavit
863 1587 882 1651 l.
903 1587 925 1652 l.
940 1588 1050 1677 p.34);
1072 1590 1130 1655 sed
1258 1636 1271 1687 ,‘

118 1689 202 1771 μέγα
222 1691 331 1772 wipo,
352 1687 480 1754 solitum
501 1687 581 1754 illud
599 1690 784 1776 ceteroquin
804 1689 946 1756 Hesiodo
969 1692 1008 1773 (v.
1028 1715 1059 1778 p.
1067 1693 1153 1776 35),,

118 1800 228 1858 tamen
248 1801 321 1879 post
342 1792 504 1858 vindictae
526 1792 653 1858 divinae
675 1791 796 1880 (δίκην)
838 1795 941 1860 minas
962 1794 1128 1862 vehemen—

119 1905 170 1962 ter
190 1897 328 1983 languet
379 1896 524 1984 Operose
546 1907 693 1981 consuta,
716 1921 798 1986 quae
819 1907 1007 1985 sequuntur:
1038 1899 1139 1985 λιμός

120 2022 185 2066 ev.
197 2001 269 2084 aso,
290 2003 344 2067 eui
364 2003 676 2089 paraetacenen
697 2004 828 2070 audiar
838 2003 961 2087 arasa..
1000 1988 1138 2072 ουσιαι·

120 2101 395 2189 ἀνωφθιοιύθουσι
424 2105 460 2169 δὲ
488 2106 563 2171 λαοί
590 2108 723 2174 fortasse
748 2130 791 2173 ex
822 2109 924 2174 Iliade
940 2115 984 2202 ¹E
1003 2110 1067 2176 643
1096 2120 1129 2176 et

119 2208 227 2275 verbis
248 2210 441 2276 simillimum
449 2259 460 2293 „
482 2231 576 2277 sensu
598 2212 760 2277 diversum
785 2210 959 2293 μινύθουσι
991 2211 1027 2276 δὲ
1048 2213 1128 2278 odron

121 2334 191 2377 ev.
213 2313 277 2378 325
298 2315 399 2378 nostri
420 2315 571 2379 carminis
592 2315 645 2380 vel
666 2320 695 2378 P
713 2316 786 2381 738.
836 2315 925 2381 Inter
950 2339 1031 2404 quae
1053 2314 1128 2380 οὐδὲ

118 2424 263 2496 γυναῖκες
295 2419 447 2481 τίκτουσιν
481 2421 588 2485 versui
617 2420 681 2485 235
719 2429 923 2507 praepostere
951 2422 1129 2509 oppositum

118 2518 351 2586 ascendetur:
372 2523 406 2586 in
427 2543 490 2608 quo
512 2545 607 2588 versu
627 2522 834 2609 interpolator
846 2545 909 2588 non
921 2526 1129 2611 magisquam

118 2625 273 2690 Proculus
294 2623 419 2689 illorum
440 2634 620 2711 temporum
641 2626 821 2711 opinionem
841 2636 1035 2712 propagatae
1067 2629 1129 2691 vir·

118 2731 194 2795 tutis
229 2731 402 2817 perspexit.
480 2729 565 2793 Tum
596 2731 739 2815 sequitur
771 2750 882 2794 versus
920 2730 1127 2816 complemen-

118 2843 186 2900 tum
216 2832 319 2918 Ζηνὸς
350 2830 611 2922 φραδμοσύνῃσιν
640 2831 815 2914 Ὀλυμπίου
851 2830 908 2918 (de
933 2854 996 2919 quo
1021 2840 1127 2899 tamen

117 2960 147 3023 ν2
168 2961 200 3026 p.
220 2937 282 3020 43).
325 2935 474 3022 Denique
496 2936 734 3022 languidissime
755 2958 883 3002 annexa
909 2946 983 3002 sunt
1014 2935 1127 3001 ultima

117 3032 222 3108 uerbis
244 3039 358 3104 ἄλλοτε
380 3037 409 3102 d
431 3037 521 3116 αὖτε,
541 3050 578 3107 ut
595 3041 702 3107 clades
724 3043 885 3107 exercitus
905 3040 958 3106 vel
979 3041 1124 3107 interitus

89 3149 246 3213 ‘navium
267 3146 357 3233 quasi
379 3145 510 3211 fortuita
531 3146 693 3211 calamitas
711 3146 816 3211 videri
839 3145 955 3210 debeat
975 3142 1029 3232 (of.
1037 3145 1126 3210 Two

117 3261 193 3316 sten.
215 3251 235 3315 l.
255 3250 275 3314 l.
297 3273 328 3337 p.
350 3249 400 3314 34.
421 3259 485 3317 not
507 3249 550 3337 2).
604 3250 695 3314 Haec
727 3272 852 3337 quoque
881 3247 967 3314 haud
997 3249 1063 3314 seio
1085 3270 1126 3313 an

117 3355 269 3421 fluxerint
297 3375 316 3417 e
343 3339 548 3445 'vv4228;29.
580 3353 645 3418 236
678 3376 847 3442 perperam
875 3353 1056 3419 intellectis:
1092 3355 1125 3418 in

117 3453 232 3548 quibus
252 3457 403 3522 videlicet
422 3479 486 3523 non
507 3457 652 3524 interitus
680 3460 845 3546 copiarum
873 3448 1066 3543 nariumque
1091 3457 1125 3521 in

93 3556 348 3629 'alamiaubus
371 3561 518 3643 ducatum,
550 3561 609 3627 sed
638 3563 742 3648 ipsum
764 3561 882 3628 bellum
910 3572 943 3627 et
963 3563 1124 3647 navigatio

115 3667 191 3733 mali
211 3667 276 3732 sint
297 3663 381 3729 satis.

179 3771 254 3836 Jam
276 3788 495 3856 comparemus
516 3785 589 3830 cum
611 3766 679 3831 istis
699 3767 876 3854 panniculis
900 3760 1124 3835 consarcinatis

115 3875 286 3960 imaginem
311 3872 502 3940 contrariam
526 3863 737 3936 tam'vividis
765 3873 925 3959 expiatam
956 3871 1124 3954 coloribus,

115 4000 210 4065 quam
232 3986 300 4042 arte
322 3975 459 4063 eleganti
487 3975 701 4060 compositam.
755 3975 926 4064 Postquam
954 3997 1006 4041 res
1033 3975 1123 4041 urbis

114 4079 284 4169 populique
305 4078 455 4145 florentes
475 4079 510 4143 in
530 4099 647 4161 genere
668 4079 825 4146 indicavit
852 4103 883 4146 v.
904 4078 983 4158 227,
1017 4085 1124 4166 partes

113 4187 362 4274 subjungimtur:
384 4207 449 4270 pax
472 4192 527 4267 est,
548 4207 612 4249 non
633 4183 753 4251 bellum
766 4186 851 4268 (228.
859 4185 925 4265 29),
945 4204 1010 4249 non
1024 4183 1123 4249 lames

721 4356 724 4363 .
858 4295 909 4361 5*
