2864 5114
754 455 797 520 46

272 645 342 688 eam
374 623 588 689 contusionem
624 631 831 710 systematum
848 624 942 690 *alibi
981 631 1199 712 separatorum
1230 619 1285 686 hie

271 736 393 792 tantum
414 728 455 793 ab
478 751 536 794 usu
557 727 719 799 hastarrun
748 731 965 795 fraxinearum
986 724 1194 816 repetandam
1215 745 1286 789 esse

271 842 405 920 apparet
426 833 474 916 (ci.
496 832 626 912 Preller.
648 850 678 920 p.
700 835 752 899 22.
773 834 913 920 110152)
956 833 1070 920 Neque
1091 854 1121 896 v.
1146 830 1208 896 158
1229 850 1284 893 ne

141 953 155 986 ⁰
270 945 326 1022 gat
347 936 489 1002 divinam
510 937 665 1023 originem
689 937 837 1022 heroum,
868 939 920 1002 cui
942 937 1113 1023 antiquitas
1134 935 1286 1000 universa

270 1039 368 1105 fidem
387 1041 558 1124 tribuebat,
574 1040 636 1105 sed
658 1040 770 1107 latiore
792 1063 886 1108 sensu
906 1042 1044 1128 positum
1066 1048 1115 1104 est
1135 1039 1284 1122 ποίησαν.

269 1144 392 1209 Verum
421 1167 463 1207 ex
490 1143 540 1207 his
569 1143 714 1210 omnibus
743 1112 847 1210 alubet
875 1167 939 1211 non
961 1144 1002 1209 de
1024 1152 1096 1209 ortu
1118 1141 1283 1207 hominum

270 1258 398 1336 poetam
421 1247 537 1311 docere
558 1246 712 1331 voluisse,
739 1249 825 1335 quod
845 1272 876 1314 v.
899 1250 961 1314 108
982 1247 1142 1335 pollicitus
1162 1253 1238 1310 erat.

334 1350 444 1416 Facile
466 1349 659 1437 intelligitur,
681 1373 739 1417 eur
754 1349 933 1439 episodium
946 1351 987 1417 de
1000 1349 1157 1417 aetatibus
1170 1345 1284 1413 mundi

271 1456 492 1542 interpositum
522 1455 571 1519 sit
617 1454 771 1521 Versatur
799 1457 885 1520 enim
905 1457 939 1520 in
961 1454 1074 1521 eodem
1096 1460 1285 1539 argumento

270 1581 310 1625 ac
330 1581 381 1624 vv.
403 1558 566 1641 90-105,
588 1557 816 1646 depravatione
834 1561 921 1624 vitae
941 1558 1117 1623 1101000001
1147 1555 1207 1622 sed
1227 1553 1286 1619 tli-

269 1671 320 1728 ter
341 1685 412 1727 eam
434 1662 587 1750 depingit.
629 1662 681 1727 Illi
704 1662 877 1729 101ὡοᾱο
900 1663 1040 1728 externis
1065 1669 1190 1729 tantun
1209 1643 1285 1725 01111-

271 1766 444 1832 ditionibus
466 1765 623 1849 dixerant,
644 1766 795 1832 facilitate
817 1766 957 1850 vivendi,
978 1788 1059 1853 quae
1080 1762 1349 1846 11ιο10101110,’

271 1873 471 1955 difficultate,
504 1894 585 1960 quae
611 1893 695 1936 nuuc
717 1881 772 1936 est.
815 1872 888 1936 Hoc
910 1869 1107 1958 episodium
1109 1888 1284 1956 praeclpue

271 1999 377 2043 mores
400 1977 564 2071 bominum
591 1975 783 2063 depravatos
810 1977 1012 2098 persequitur
1040 1993 1145 2059 neque
1174 1980 1285 2051 tamen

271 2084 328 2167 ita,
349 2091 385 2148 ut
405 2083 495 2169 quasi
517 2081 650 2146 alteram
680 2083 840 2168 partem
830 2081 979 2187 imaginis
1005 2079 1173 2143 universae
1195 2075 1286 2141 exhi·

261 2187 360 2251 beat.
392 2208 467 2250 nam
494 2185 600 2248 atatim
630 2185 664 2247 in
692 2185 803 2249 aetatis
828 2206 944 2250 aureae
967 2182 1208 2285 adumbratiopa
1229 2202 1284 2245 vv.

274 2288 422 2353 112-20
451 2287 493 2353 ad
515 2286 699 2351 facilitatem
718 2289 803 2352 vitae
824 2287 974 2370 redeunt,
1004 2307 1101 2372 quam
1122 2283 1283 2350 coloribus

272 2401 429 2460 exornant
449 2389 721 2478 splendidissimis.
762 2390 892 2456 Deinde
919 2413 996 2456 vero
1019 2392 1179 2459 diversam
1199 2389 1285 2455 illius

271 2497 453 2562 mutationis
480 2495 572 2560 affert
599 2516 735 2559 causam.
778 2495 852 2559 Non
881 2516 1018 2582 poenae,
1050 2519 1129 2583 quas
1154 2495 1286 2582 Jupiter

271 2624 329 2689 pro
350 2599 463 2665 fraude
484 2596 667 2664 Promethei
688 2598 730 2664 ab
753 2597 933 2665 hominibus
945 2599 1166 2666 innocentibus
1187 2621 1285 2685 expe

269 2708 325 2788 tit,
354 2725 458 2790 neque
485 2725 542 2768 vas
563 2701 732 2768 Pandoraa
764 2702 826 2768 illis
847 2700 1059 2769 calamitatem
1080 2710 1285 2791 paperenrnt,

271 2810 329 2876 aed
350 2811 489 2875 maxime
506 2805 595 2870 αὐτοὶ
610 2809 728 2898 σφῇσιν
740 2803 975 2897 ἀτασθαλίῃσιν
989 2805 1070 2895 ὑπὲρ
1084 2806 1185 2891 μόρον
1196 2803 1286 2885 ἄλγε’

270 2915 394 2995 ἔχουσιν
415 2906 464 2994 (cl.
487 2911 642 2976 Twesten.
664 2911 685 2974 l.
708 2909 727 2974 l.
749 2933 780 2997 p.
796 2911 933 2976 36-47.
955 2911 1143 2977 Scbdmann.
1165 2912 1199 2976 in
1213 2909 1283 2976 ind.

270 3017 366 3084 schol.
389 3014 562 3102 Grypbisv.
584 3004 676 3079 1842.
703 3037 779 3099 sem,
807 3024 882 3080 aest.
902 3039 933 3103 p.
957 3017 1006 3080 12.
1027 3017 1147 3103 Heyer.
1168 3015 1188 3080 l.
1209 3015 1229 3080 l.
1250 3038 1284 3102 p.

272 3125 338 3206 29).
383 3119 533 3187 Concedo
556 3118 704 3204 equidem
725 3104 790 3201 non
811 3128 976 3207 tantopere
997 3118 1067 3185 illas
1087 3120 1286 3184 narrationes

272 3229 409 3292 interae
430 3245 589 3313 pugnare,
623 3232 659 3288 ut
681 3224 844 3290 conciliari
864 3233 1025 3311 nequeant
1052 3224 1159 3311 (qnam
1179 3225 1286 3302 conci-

271 3330 432 3395 liationem
453 3329 588 3394 tentavit
608 3327 703 3393 schol.
725 3351 873 3416 anonym.
895 3328 937 3394 ad
954 3353 984 3393 v.
1008 3328 1075 3401 150
1092 3328 1207 3409 Vollb.}
1229 3350 1285 3393 ne

131 3452 133 3459 ·
272 3455 334 3520 que
367 3431 454 3497 idam
483 3441 579 3518 poeta
605 3440 772 3519 utramque
804 3454 865 3498 suo
890 3431 960 3513 locp
981 3433 1155 3497 intexuisse
1175 3433 1285 3519 possit.

272 3537 317 3603 At
332 3537 430 3624 juxta
448 3539 566 3623 positas
588 3544 675 3600 certe
696 3558 760 3601 non
780 3538 826 3602 ita
847 3538 914 3602 sine
927 3535 1128 3602 ullovinculo
1141 3535 1286 3622 reliquis·

271 3650 333 3724 sat,
353 3648 389 3705 ut
410 3661 457 3724 ea,
479 3662 560 3726 quae
580 3661 724 3727 pugnare
743 3640 922 3723 videantur,
945 3639 1079 3704 lectores
1102 3662 1285 3726 exaequare

210 3792 213 3799 s
272 3743 419 3809 debeant.
462 3743 547 3808 Nam
567 3742 647 3809 illud
667 3765 732 3808 non
753 3766 867 3809 vereor
888 3767 929 3809 ne
952 3745 1021 3830 quis
1044 3743 1190 3829 opinetur
1210 3764 1287 3830 poe·

272 3857 340 3912 tam
360 3854 483 3912 tantum
506 3845 672 3912 detrahere
696 3844 736 3910 de
757 3850 945 3913 auctoritate
965 3846 1135 3933 religionis,
1157 3856 1192 3912 ut
1205 3846 1287 3912 duas

208 3952 210 3954 ’
240 3990 242 3995 -
271 3951 395 4017 fabulas
424 3951 514 4038 quasi
544 3949 587 4014 ad
615 3949 752 4014 liberum
782 3951 950 4017 arbitrium
978 3959 1011 4014 et
1032 3953 1192 4038 optionem
1213 3973 1288 4037 pro·

269 4043 424 4144 posuerit:
446 4055 731 4141 quamquamjure
754 4057 872 4142 optimo
895 4054 1006 4141 quaeri
1034 4064 1154 4141 potest,
1187 4076 1287 4140 quan·

269 4170 338 4227 tum
359 4181 401 4224 ex
422 4160 462 4224 iis
481 4159 551 4245 ipse
572 4156 753 4224 crediderit.

335 4265 478 4346 Etenim,
522 4261 608 4349 quod
646 4264 786 4328 omnium
820 4263 961 4328 maxime
992 4265 1079 4328 favet
1110 4261 1286 4326 sententiae
