2864 5114
704 372 845 456 αι’

209 562 350 628 cernui:
385 562 602 628 diasceuastae
640 566 758 651 partim
800 563 841 627 ad
877 541 1113 649 conjungenda,
1146 585 1228 649 quae

209 673 302 731 erant
321 666 388 729 sine
408 666 548 747 vincrdo,
575 669 692 753 partim
713 667 756 732 ad
778 666 1049 753 complectendam
1072 690 1227 732 summam

209 774 350 858 capitum
378 771 430 836 vel
456 773 597 858 singulos
624 774 677 839 vel
704 774 810 860 plures
839 793 947 852 ceratas
970 776 1158 834 connexioos
1184 773 1232 835 in·
1276 854 1279 861 ι
1346 839 1349 846 ,

208 885 449 964 terposuemmt:
475 877 626 959 106-8,
648 878 732 960 202,
765 877 910 957 26364,
932 876 1004 940 381.
1016 875 1073 957 82,
1098 874 1231 952 salat,

210 981 369 1063 561-63,
385 980 458 1063 617,
479 980 551 1045 641.
561 982 614 1064 42,
636 980 757 1045 68788
772 989 804 1044 et
819 1002 940 1061 versus,
953 974 1231 1063 6666606686-

209 1087 342 1168 parato
365 1084 526 1171 Operibus
553 1095 585 1150 et
606 1085 731 1151 Diebus
753 1107 880 1150 annexa
902 1091 985 1147 erat:
1008 1081 1166 1186 826-28.

273 1225 320 1288 Hi
355 1247 464 1288 versus
501 1224 673 1288 connexivi
708 1232 796 1304 sunt,
831 1224 865 1287 in
903 1243 982 1308 quos
1023 1219 1229 1308 reprehensio
1265 1190 1288 1319 ¹³⁸
1312 1226 1326 1291 ζ
1337 1262 1372 1331 r

179 1370 181 1375 =
211 1335 320 1391 nostra
333 1328 474 1392 maxime
493 1327 587 1392 cadit.
624 1327 709 1391 Nam
722 1349 819 1414 quum
834 1327 987 1390 sermonis
1009 1325 1092 1412 epici
1112 1331 1233 1387 tantam
1307 1346 1329 1387 ι

213 1430 381 1495 ostendant
401 1432 575 1514 inscitiam,
605 1439 640 1496 ut
666 1431 749 1494 inter
778 1430 957 1517 frequentia
978 1427 1134 1494 vocabula
1155 1427 1234 1491 infe-

212 1531 305 1599 rioris
327 1537 440 1600 aetatis
469 1558 510 1604 ne
540 1536 626 1599 vitiis
660 1534 791 1621 quidem
813 1542 943 1598 careant
966 1532 1004 1615 (v.
1026 1532 1069 1597 ad
1091 1556 1121 1596 v.
1144 1532 1232 1616 263);

211 1649 280 1704 tum
309 1640 405 1702 etiam
427 1641 530 1725 magis
565 1640 606 1704 ab
636 1647 704 1703 arte
731 1638 857 1726 poetica
888 1626 960 1701 sunt
988 1636 1110 1700 miselli.
1161 1638 1236 1703 Una

213 1743 320 1828 aliqua
353 1765 396 1806 ex
432 1743 603 1807 tritissimis
645 1741 788 1806 formulis
823 1741 938 1827 epicis,
986 1739 1087 1827 qualis
1116 1751 1164 1806 est
1197 1740 1235 1803 σι)

214 1845 244 1912 d'
269 1845 317 1934 ἒιὶ
347 1851 439 1930 φρεσὶ
465 1846 583 1929 βάλλεο
619 1849 709 1936 σῇσιν
740 1869 811 1910 eum
837 1843 1002 1909 vocabulis
1033 1824 1235 1910 vibrantibus
1303 1905 1306 1915 .

195 1962 197 1966 ’
214 1951 436 2040 proximorum
456 1950 600 2016 locorum
621 1950 699 2036 (108
720 1951 812 2024 θεοί,
836 1948 1009 2032 ἄνθρωποι
1033 1950 1234 2031 ex109.10;
1317 2030 1320 2042 Ι

157 2039 162 2060 ¹
215 2056 279 2120 202
300 2053 482 2136 βασιλεῦσιν
487 2083 499 2133 ,·
522 2054 593 2119 263.
615 2055 658 2118 64
679 2051 835 2135 βασιλεῖς,
857 2051 999 2134 μύθους,
1029 2050 1235 2125 σκολιῶνδι-

215 2162 295 2238 κῶν,
325 2160 449 2224 38182
471 2156 629 2234 πλούτου,
653 2158 764 2245 ἔργον,
790 2158 856 2222 492
877 2156 935 2243 ἔαρ
957 2154 1072 2220 πολιόν
1093 2179 1135 2222 ex
1160 2158 1235 2242 477,

215 2263 334 2348 ὄμβρος
371 2286 413 2328 ex
442 2263 521 2346 4883
553 2263 617 2328 562
646 2263 760 2337 νύκτας
789 2285 832 2328 ex
859 2262 937 2346 5603
968 2262 1041 2326 641.
1064 2262 1107 2326 42
1136 2261 1236 2349 ἔργων

217 2365 362 2454 ὡραίων,
397 2366 574 2453 ναυτιλίας,
607 2369 670 2434 828
700 2368 836 2452 ὄρνιθας
862 2369 991 2463 κρέασιν)
1020 2369 1122 2454 iisque
1149 2368 1234 2433 haud

215 2496 289 2538 raro
310 2474 507 2560 ineptissime
528 2475 639 2560 positis
666 2497 822 2561 perquam
842 2473 991 2560 imperite
1020 2473 1236 2560 conglutinata

216 2585 271 2640 est.
313 2576 383 2664 Ipsi
403 2598 513 2641 versus
535 2585 591 2641 aut
611 2575 691 2640 nihil
715 2574 826 2640 dicunt
846 2576 908 2639 nisi
927 2575 1002 2640 hoc:
1031 2576 1116 2660 „fac,
1148 2578 1235 2664 quod

216 2680 322 2757 faeere
347 2688 380 2742 te
397 2679 533 2765 jubeo'“,
556 2688 611 2744 aut
632 2680 728 2743 etiam
737 2701 907 2766 perperam
922 2679 1066 2744 indicant
1080 2703 1235 2745 summam
1295 2707 1298 2719 ¹

219 2782 475 2848 antecedentium
498 2784 737 2870 sequentiumve
759 2781 798 2867 (v.
820 2781 863 2847 ad
883 2807 913 2847 v.
937 2783 1018 2868 108.)
1077 2786 1079 2791 ’

279 2917 311 2979 2.
355 2915 467 2980 Altera
493 2939 568 3004 pars
589 2915 842 3004 interpolationis
873 2916 1141 2981 diasceuastarum
1163 2925 1236 2981 sunt

147 3086 156 3104 ,
218 3040 325 3084 oerstu
347 3030 550 3099 exornantes,
578 3021 618 3085 iis
639 3020 717 3086 locis
739 3021 890 3108 appositi,
919 3021 974 3086 ubi
997 3023 1236 3111 quasententia

215 3124 301 3210 justo
316 3122 656 3209 breviusapoetaesse
670 3123 815 3190 absoluta
836 3124 1015 3190 videbatur.
1044 3124 1134 3188 Inter
1156 3142 1267 3211 quos·-
1280 3176 1315 3237 ἢ,

219 3228 347 3291 tametsi
367 3227 461 3291 facile
482 3251 581 3293 unum
602 3229 654 3294 vel
676 3228 811 3293 alterum
832 3228 1063 3315 rhapsodorum
1079 3227 1311 3309 emblematf·
1368 3234 1380 3261 “

219 3333 318 3398 latere
344 3354 408 3398 non
436 3355 605 3418 negamus,
637 3342 744 3399 tamen
773 3335 981 3399 communitas
1008 3334 1148 3398 omnium
1169 3332 1236 3396 fere
1280 3318 1292 3345 ⁴

221 3440 393 3522 signorum,
416 3459 497 3522 quae
512 3437 653 3502 efficiunt
672 3439 900 3526 proprietatem
917 3459 1067 3503 versuum
1087 3436 1238 3502 connexi-

221 3563 350 3622 vorum,
380 3562 439 3605 nos
469 3539 617 3623 adducit,
646 3549 683 3604 ut
710 3541 768 3606 hos
799 3563 924 3627 quoque
951 3541 1157 3607 diasceuastis
1182 3540 1237 3605 tri-

222 3642 367 3711 buendos
389 3664 457 3706 esse
479 3643 681 3709 arbitremur.

286 3787 411 3853 Horum
445 3785 588 3852 locorum
619 3789 835 3874 longissimus,
880 3811 931 3851 vv.
961 3774 1024 3852 513
1084 3787 1143 3869 35,
1187 3788 1242 3873 qui

223 3890 500 3956 adumbrationem
538 3891 652 3958 hiemis
684 3892 830 3980 pluribus
868 3892 1084 3978 persequitur,
1118 3913 1139 3955 a
1174 3915 1242 3956 oar·
1368 3919 1369 3923 ¹
1401 3904 1417 3927 *-

222 3993 360 4058 minibus
383 3994 615 4080 rhapsodorum
645 3998 833 4084 (praecipue
858 4020 910 4061 vv.
935 3995 1118 4077 646-62)
1149 3995 1243 4060 vehe-

223 4108 346 4163 menter
376 4099 537 4187 discrepat
565 4102 747 4167 inventione
778 4111 810 4167 et
833 4101 1053 4187 conjunctione
1075 4100 1242 4163 sententia·

224 4225 296 4266 rum
317 4204 530 4289 ineptissima,
551 4228 668 4290 magua
689 4207 831 4272 inanium
853 4205 1025 4272 verborum
1045 4202 1149 4285 turbo,
1173 4223 1242 4281 ora-
