2864 5114
520 485 522 490 .
563 419 565 425 ’
620 400 674 500 ’41

147 608 199 668 res
217 605 260 667 sit
279 603 378 668 Jovis
432 604 532 671 Male
548 578 668 670 dicium
698 605 739 670 de
760 627 817 688 eo,
851 605 936 693 quod
964 607 1086 692 pectori
1106 604 1160 667 in-

146 709 272 784 seritur,
296 707 331 769 ἐν
353 704 421 768 δ”
397 714 463 792 α’ρα
485 704 516 769 oi
538 709 684 792 στήθεσσι
707 708 842 795 ψεύδεα
850 712 935 785 τεῦξε
956 732 987 773 v.
1001 709 1043 773 79
1066 708 1162 794 (quod

147 835 212 878 non
239 812 383 876 firmatur
410 811 480 876 loco
510 813 615 878 v366
637 837 666 878 v.
687 815 792 894 Euat.)
820 836 890 900 pra
905 814 1038 898 ἐνέθηκε
1058 837 1089 879 v.
1111 815 1161 878 80.

149 918 261 989 Otiose
282 926 329 982 est
349 918 504 1004 repetitio.
519 927 559 982 et
572 918 701 984 verbi·
684 940 721 981 εν
743 956 784 967 -—
799 920 889 1001 θῆκε
910 927 982 1007 post
1000 939 1163 1005 praegres-
1212 980 1225 1002 ‚

60 1083 63 1086 ,
148 1023 325 1113 summariis
346 1030 378 1086 et
398 1023 535 1087 nominis
556 1025 645 1086 θεῶν
658 1023 764 1115 κηρνξ,
787 1026 923 1090 otiosum
940 1024 1076 1109 denique
1092 1031 1165 1108 post

149 1149 179 1190 v.
194 1126 233 1190 71
256 1125 336 1190 illud
350 1123 427 1199 Διὸς
446 1127 577 1217 βουλῇσι
598 1128 817 1214 βαρυκτύπου,
838 1150 1030 1216 quamquam
1044 1127 1080 1190 id
1098 1129 1166 1213 qui-

76 1235 84 1253 “
151 1230 224 1295 dem
246 1229 356 1312 habet,
377 1248 441 1316 quo
463 1231 653 1297 defendatur
674 1235 719 1312 (v.
741 1232 784 1299 ad
804 1256 835 1297 v.
847 1233 912 1314 99).
955 1232 1099 1313 Quorum
1120 1231 1165 1295 vi·

107 1346 109 1352 ’
148 1335 481 1420 tiorumgraviesimis
499 1336 649 1402 medeare
671 1339 775 1424 ejecto
794 1360 825 1401 v.
840 1339 881 1403 79
898 1326 1067 1424 (quenivel
1082 1334 1167 1400 vole
1274 1414 1275 1417 Ἴ

150 1438 396 1524 behn'usejecii
416 1439 437 1503 l.
457 1439 478 1504 l.
500 1464 530 1527 p.
552 1442 617 1526 33),
646 1426 727 1524 duo,
756 1463 837 1527 quae
858 1449 993 1523 restant,
1013 1439 1093 1504 ulli
1112 1460 1167 1504 ne-

150 1552 270 1629 queunt
293 1543 359 1606 =nisi
388 1545 579 1635 conjecuiris
611 1544 709 1629 (velut
736 1546 763 1608 si
784 1544 880 1641 legas
908 1547 1027 1627 θῆκεν·
1058 1541 1166 1626 dacio

66 1703 67 1706 ,
152 1645 340 1732 Κρονίδης
361 1645 549 1733 ὀνόμηνεν
569 1648 659 1733 ιηνδε
676 1658 829 1732 γυναῖκα,
853 1649 910 1714 ubi
931 1669 950 1711 ν
971 1647 1076 1733 ipris.
1093 1639 1188 1713 antex

135 1762 375 1816 consonantem
402 1775 422 1815 τ
448 1752 628 1818 defenditur
657 1752 727 1817 loco
757 1751 816 1816 Th.
838 1751 910 1816 898.
945 1751 984 1815 cf.
1010 1751 1051 1818 Ο.
1070 1764 1105 1815 et
1124 1752 1167 1816 Ι).

48 1888 53 1897 ·
151 1857 245 1934 236):
266 1855 323 1920 sed
346 1866 487 1944 praestat
507 1856 609 1921 verba
626 1855 807 1942 relinquere
827 1858 955 1920 intecta

217 1961 368 2028 Ceterum
397 1971 472 2026 sunt
501 1962 681 2047 frequentes
712 1963 746 2026 in
781 1960 984 2025 carminibus·
1003 1961 1167 2046 epicorum

152 2067 353 2158 antiquorum
373 2064 499 2129 locide
521 2067 728 2130 exornatione
750 2065 882 2130 dearum
902 2085 1007 2150 neque
1028 2062 1108 2127 alter
1125 2061 1169 2127 ul·

151 2171 250 2233 terius
279 2179 314 2234 et
344 2170 475 2234 inventa
503 2178 535 2233 et
561 2168 661 2233 verba
688 2171 723 2238 in
748 2191 841 2234 usum
869 2189 961 2232 suum
982 2175 1169 2231 convertere
1294 2191 1300 2201 ·

154 2271 319 2338 dubitavit.
362 2273 392 2337 Id
421 2270 564 2358 longiore
591 2271 1253 2341 10005170-87etbrev10re31

152 2377 267 2468 364-
274 2376 317 2441 66
346 2375 577 2462 conglutinetus
605 2385 653 2464 est
682 2375 769 2458 locus
789 2355 915 2462 Hymn„¹
937 2375 1018 2440 Ven.
1040 2375 1120 2439 61-
1125 2375 1170 2439 65

150 2462 285 2567 integris
306 2480 451 2546 versibus
472 2480 1045 2564 5511111161.61.62;θ364.65,
1068 2480 1169 2545 63—=

154 2585 269 2667 Ξ172,
291 2585 334 2649 64
355 2585 432 2653 cie⁴
411 2584 527 2650 1.-87
541 2586 653 2672 Neque
665 2593 776 2649 auctor
785 2581 906 2670 Hymn
915 2585 1009 2649 Hom
1021 2585 1052 2668 5,
1062 2585 1169 2649 5-14

153 2687 288 2754 Iliadem
309 2711 372 2755 non
395 2699 444 2754 cst
464 2690 630 2754 imitatum
641 2689 722 2752 eof.
739 2688 858 2771 Ξ178,
880 2688 1105 2772 solem&
1129 2691 1171 2752 14
1261 2717 1263 2722 ·

155 2792 248 2857 ci*
215 2814 242 2862 a
267 2793 338 2858 187.
385 2792 532 2858 Eandem
563 2794 658 2856 eiiam
686 2791 831 2858 Hesiodo
857 2791 917 2855 Th.
938 2792 1098 2856 573-84
1127 2792 1170 2857 ob
1301 2841 1314 2864 ,

151 2898 261 2964 oculos
287 2894 467 2963 versatam
476 2919 553 2962 esse
573 2896 762 2961 convincere
789 2895 918 2961 videtur
942 2919 972 2959 v.
994 2895 1056 2960 581
1081 2895 1175 2959 cl*
1140 2915 1168 2962 α

61 3048 62 3052 ,
157 3001 219 3065 179
250 3003 333 3064 τίθει
365 2999 397 3062 δ
426 3000 474 3062 ivl
502 2998 645 3063 δαίδαλα
671 2997 779 3063 πολλοὶ
811 3000 917 3095 (qiam
948 3021 1170 3087 praegressum

155 3104 331 3190 doarjocoag
348 3113 509 3170 mutuatus
532 3115 580 3170 est
599 3104 760 3170 Hesiodus
781 3127 811 3168 v.
832 3104 897 3169 586
916 3102 1077 3187 ασιιησας).
1120 3102 1171 3169 Of.

155 3220 322 3296 praeterea
352 3232 383 3272 v.
404 3209 467 3274 578
504 3231 577 3272 cum
604 3209 638 3277 Ξ
657 3209 719 3273 184
749 3206 915 3293 νῳηδέμνηι
946 3205 977 3270 δ
1004 3206 1171 3293 ἐφύπερθε
1252 3241 1254 3247 -

156 3310 328 3398 καλύψατο
349 3311 406 3376 δῖα
427 3310 551 3376 θεάων.
594 3313 634 3378 V.
657 3312 721 3377 578
741 3298 848 3395 Mur
869 3311 1055 3400 parallelum
1072 3311 1170 3378 habel

156 3420 274 3505 Hymn.
296 3418 395 3484 Hom
416 3419 453 3502 5,
475 3420 504 3484 7.
526 3419 545 3483 8
575 3423 663 3504 xpeel
691 3416 720 3480 δ’
747 3415 797 3481 ἐπ’
826 3415 983 3502 α’θανδιῳ
1015 3415 1172 3500 στεφάνην

154 3523 298 3586 εὔτυκτον
320 3523 461 3608 ἔθηκαν,
488 3523 589 3608 καλην
608 3526 751 3608 χρυσείην
771 3545 874 3610 neque
895 3532 1001 3588 tamen
1025 3510 1172 3604 (linerim‘,
1301 3609 1309 3619 x

156 3638 228 3693 uter
259 3638 366 3711 ulrum
393 3630 534 3695 imitatus
566 3630 621 3694 sit:
649 3631 712 3695 nisi
742 3629 823 3697 forte
852 3627 1025 3692 hauserunt
1046 3651 1064 3692 e
1085 3628 1173 3693 fonte

75 3744 78 3748 ’
157 3728 323 3798 communi.
346 3734 566 3803 Ι1155611016τί
589 3757 639 3798 vva
662 3734 805 3799 72-75
825 3734 926 3798 fontes
948 3734 1077 3819 agnosci
1098 3733 1173 3798 licet
1260 3756 1264 3765 ·

157 3838 265 3903 nullos·
278 3840 339 3903 nisi
357 3838 582 3959 Theogoniam
603 3839 654 3924 (72
671 3862 713 3901 =
730 3837 790 3903 Th.
802 3839 883 3922 573,
907 3838 948 3903 75
960 3838 999 3902 ci.
1018 3837 1078 3902 Th.
1088 3838 1172 3921 576),

158 3964 238 4028 quac
276 3942 317 4007 ab
347 3943 490 4008 Hesiodo
526 3945 613 4030 prius
626 3943 790 4008 confecta
824 3965 892 4007 esse
920 3941 1082 4011 videtur
1107 3941 1171 4007 Sed
1261 3978 1263 3985 ν

158 4066 267 4109 versus
295 4049 420 4171 spurius
443 4049 484 4112 76
515 4049 631 4134 petitus
658 4058 707 4112 est
736 4069 778 4111 ex
807 4045 969 4112 Iliadae*
988 4046 1052 4109 187
1072 4043 1172 4127 αδιδρ

156 4147 225 4210 ἐπεὶ
254 4147 293 4234 δη
324 4149 430 4214 πάνια
460 4158 532 4238 περὶ
550 4157 643 4236 ¹lappe
616 4150 780 4234 ιθηιιαιο
809 4151 948 4234 κόσμον,
986 4172 1048 4236 quo
1077 4171 1174 4213 versu

157 4275 266 4318 omnes
287 4255 353 4318 fere
374 4257 549 4322 imitatores
570 4259 619 4322 usi
640 4266 721 4321 sunt.
764 4256 847 4322 Cum
869 4278 898 4318 v.
921 4255 963 4319 74
992 4254 1032 4317 cf.
1053 4254 1173 4338 Hymn.
