2864 5114
164 624 322 711 ejusmodi
348 624 426 690 locis
455 633 557 707 caret,
587 627 642 711 qui
672 625 808 690 eundem
831 635 926 711 atque
948 628 1048 691 nostri
1073 628 1185 691 carmi-

168 730 219 794 nis
250 736 414 793 auctorem
442 727 587 814 prodant
642 728 764 793 Verum
792 728 943 816 ejiciendi
972 739 1044 795 sunt
1075 752 1186 795 versus

164 833 265 919 spurii
289 833 445 898 179-81.
470 832 627 898 187-89.
881 820 883 831 ¹

229 938 259 1001 2.
303 939 333 999 A
362 936 531 1024 rhapsodis
559 959 656 1023 porro
689 936 846 1020 originem
866 936 964 1001 habet
989 944 1185 1019 prooemium.

164 1040 243 1124 „Est
270 1042 355 1105 enim
384 1041 472 1108 velut
498 1041 635 1128 hymnus
666 1030 806 1106 minutus
836 1063 879 1105 ex
915 1040 1034 1107 eodem.
1056 1065 1183 1127 genere,

166 1145 257 1231 cujus
277 1146 361 1209 inter
381 1146 631 1213 Homeridarum
653 1146 804 1231 reliquias
826 1145 913 1211 haud
936 1148 1055 1232 exigua
1076 1171 1182 1214 exem·

165 1247 219 1335 pla
240 1257 381 1332 exstant,
410 1271 491 1336 quae
519 1249 671 1337 rhapsodi
700 1251 734 1313 in
762 1249 850 1313 festis
879 1248 1011 1314 deorum
1040 1250 1125 1316 ludis
1151 1264 1184 1317 et

154 1342 402 1436 'certaminibus
422 1364 592 1441 antequam
614 1354 657 1420 ad
677 1354 811 1421 heroum
833 1378 884 1420 res
898 1365 1004 1440 gestas
1021 1357 1183 1423 celebran-

165 1457 223 1522 des
246 1458 350 1523 aliave
371 1468 559 1544 argumenta
580 1481 623 1523 ex
643 1459 713 1522 vita
732 1458 871 1523 humana
885 1461 986 1545 petita
1003 1461 1183 1543 transirent,

164 1562 314 1648 placandi
334 1565 473 1629 numinis
494 1585 591 1629 causa
611 1564 751 1649 praeliari
767 1562 938 1627 solebant.“
960 1564 1074 1645 (verba
1095 1565 1131 1630 O.
1144 1567 1183 1631 F.

163 1669 340 1733 Hermanni
360 1669 394 1732 in
411 1668 478 1733 ind.
499 1667 572 1732 lect.
596 1668 738 1752 Gotting.
761 1666 854 1732 1855.
876 1688 951 1729 sem.
969 1666 1034 1731 hib.
1053 1690 1125 1754 pag.
1139 1672 1183 1759 3.)

228 1773 258 1837 3.
301 1773 408 1853 Quum
429 1773 539 1858 magni
557 1782 671 1858 poetae
694 1772 777 1858 epici
792 1780 824 1835 et
838 1771 900 1856 ipsi
915 1768 1083 1856 splendore
1093 1776 1184 1858 quasi
1272 1782 1278 1799 '

164 1877 297 1941 heroum
325 1875 464 1940 saeculis
490 1875 721 1963 'posterioribus
750 1873 898 1939 illustrati
935 1897 1003 1939 esse
1038 1875 1184 1943 videren-

163 1988 225 2052 tur,
246 2000 311 2043 non
332 1977 513 2042 mirandum
535 1987 592 2062 est,
612 1979 640 2042 si
661 1976 814 2064 rhapsodi
833 1999 985 2063 personas
1005 2000 1116 2044 eorum
1128 2003 1184 2046 au-

165 2081 320 2147 ditoribus
346 2091 498 2167 tanquam
521 2090 594 2146 ante
617 2081 724 2146 oculos
750 2103 870 2168 ponere
897 2081 1095 2149 studuerunt.
1138 2086 1183 2150 Et
1302 2132 1306 2139 ,

162 2189 238 2254 Hias
267 2187 398 2275 quidem
424 2186 633 2274 Odysseaque
654 2191 859 2270 episodiorum
881 2190 919 2250 de
938 2191 1006 2269 ipso
1025 2205 1117 2270 poeto
1137 2192 1183 2255 in·
1208 2180 1210 2185 ⁵

164 2292 370 2357 serendorum
391 2289 574 2356 facultatem
594 2314 750 2379 nusquam
773 2291 932 2356 dederunt
943 2313 982 2355 ac
996 2314 1038 2357 ne
1052 2292 1183 2381 rhapso-

164 2396 213 2461 dis
235 2394 365 2481 quidem
385 2396 519 2480 contigit
539 2417 695 2460 summam
716 2395 817 2478 illam,
838 2417 934 2482 quam
955 2418 1013 2462 nos
1028 2421 1180 2465 vocamus

164 2500 430 2586 objectivitatem,
452 2521 511 2586 per
533 2521 629 2585 quam
649 2507 745 2586 pocta
767 2520 839 2563 cum
861 2509 1049 2584 argumento
1069 2505 1182 2567 carmi-

163 2605 213 2669 nis
232 2624 362 2689 prorsus
383 2600 508 2685 coaluit,
529 2600 581 2666 vel
602 2624 666 2667 uno
687 2600 757 2667 loco
777 2600 958 2666 dissolvere.
1001 2601 1051 2668 Ae
1072 2614 1179 2671 tamen

163 2709 337 2775 communis
366 2707 433 2771 fere
461 2706 567 2792 opinio
600 2706 796 2792 antiquitatis
824 2704 885 2770 fuit
916 2705 1006 2770 illum
1034 2708 1181 2773 versibus
1305 2726 1311 2745 ·

162 2814 191 2873 θ
212 2812 263 2875 63.
282 2811 325 2875 64
356 2810 415 2875 sub
437 2808 619 2874 Demodoci
639 2830 777 2895 persona
797 2830 832 2873 se
852 2809 958 2894 ipsum
979 2817 1062 2874 tecte
1083 2812 1178 2895 signi-

160 2914 281 2979 ficasse.
325 2913 391 2979 Sed
412 2915 483 3001 jam
508 2914 543 2976 in
564 2913 683 3000 Hymn.
704 2913 809 3001 Apoll.
834 2912 982 2977 165-76
1003 2912 1181 2999 rhapsodus

161 3016 277 3102 aliquis
298 3017 534 3103 opportrmitate
562 3015 638 3082 data
662 3040 738 3083 usus
766 3026 829 3100 cst,
855 3025 892 3082 ut
919 3015 1025 3083 locum
1050 3016 1091 3081 de
1111 3018 1178 3082 Ho-

162 3146 251 3189 mero
272 3125 345 3206 (etsi
366 3144 482 3187 nomen
502 3144 566 3187 non
587 3121 736 3211 legitur),
763 3133 859 3211 poeta
881 3144 994 3205 caeco,
1021 3123 1055 3186 in
1076 3121 1179 3187 insula

161 3227 244 3294 (lhio
269 3226 432 3293 habitante
452 3228 669 3313 interponeret
696 3249 799 3314 neque
829 3227 949 3293 diversi
976 3227 1103 3312 generis
1132 3236 1181 3293 est

159 3331 269 3397 fabula
289 3332 323 3395 in
343 3333 506 3417 prooemio
527 3331 733 3416 Theogoniae
758 3328 914 3419 (22-36)
937 3329 978 3395 de
998 3329 1142 3395 Hesiodo
1158 3354 1180 3395 a

159 3436 261 3501 Musis
281 3436 316 3499 in
336 3434 491 3500 Helicone
512 3436 645 3500 initiato.

221 3540 296 3605 Huc
325 3538 486 3603 referendi
514 3562 556 3604 ex
579 3537 740 3626 Operibus
771 3545 802 3601 et
823 3537 948 3603 Diebus
969 3537 1103 3604 fortasse
1124 3562 1178 3605 vv.

158 3643 320 3725 633-40,
349 3643 418 3707 sino
438 3642 504 3710 ulla
522 3652 628 3708 autem
651 3640 848 3706 dubitatione
868 3664 920 3706 vv.
941 3641 1107 3726 sao-62,
1128 3643 1176 3708 in·

158 3748 391 3834 elegantissime
413 3743 486 3813 cum
513 3746 774 3814 antecedentibus
806 3746 978 3831 conjuncti,
1009 3770 1029 3811 a
1057 3747 1175 3834 simpli·

158 3853 254 3917 citato
276 3851 439 3917 Hesiodea
456 3854 596 3917 maxime
617 3851 714 3917 alieni
734 3872 838 3936 neque
859 3859 966 3915 tamen
988 3889 1028 3898 -
1050 3850 1177 3915 inferio-

158 3978 227 4019 rem
248 3954 322 4020 licet
343 3965 479 4021 aetatem
499 3957 620 4021 indicet
642 3954 840 4041 quonmdam
857 3978 931 4019 usus
946 3952 1176 4021 vocabulorum

158 4099 200 4108 -
225 4059 360 4125 confecti
388 4061 429 4126 ab
460 4061 588 4126 homine
617 4059 755 4125 indocto.
798 4059 894 4141 Quod
915 4059 1008 4144 longe
1030 4081 1121 4125 secus
1143 4083 1177 4124 se

156 4164 255 4232 babet
274 4166 308 4229 in
329 4166 369 4229 iis
385 4166 610 4233 additamentis
630 4165 698 4230 fere
720 4164 881 4246 omnibus,
911 4186 992 4250 quae
1016 4162 1177 4228 diasceua
1250 4226 1259 4247 J

155 4272 212 4337 stis
233 4292 301 4335 esse
323 4270 495 4337 tribuenda
510 4270 702 4357 judicamus.
