2864 5114
809 573 850 638 58

328 771 390 835 quc
412 771 474 836 quo
496 749 625 814 tandem
640 750 727 837 plebi
746 751 884 814 rusticae
903 748 1081 813 doctrinam
1093 749 1339 835 praeteritorum

326 860 360 916 et
381 851 567 938 fiaturorum,
590 855 726 940 quaein
749 855 890 918 carmine
913 851 953 918 de
975 853 1132 919 aetatibus
1158 851 1269 917 mundi
1293 852 1338 916 in-

326 955 399 1020 est?
440 955 531 1039 „Dor
552 957 768 1023 Gemeinfreie
790 956 847 1021 des
868 956 990 1021 Hesiod
1011 957 1053 1021 ist
1072 956 1161 1021 nieht
1182 957 1216 1020 in
1230 977 1339 1041 grosse

325 1058 509 1145 Ereignisse
530 1059 736 1144 verflochten‚
758 1060 857 1126 deren
879 1062 1059 1149 Ursprung‚
1081 1059 1222 1155 Verlauf,
1243 1060 1338 1126 Ende

325 1165 407 1231 uber
435 1165 491 1229 das
518 1166 666 1249 gemeino·
683 1164 824 1229 Denken
857 1165 969 1231 hinaus
999 1166 1086 1230 einer
1111 1164 1251 1229 hoheren
1278 1163 1338 1229 Er-

303 1269 464 1356 sklarung
492 1267 571 1335 oder
601 1269 732 1355 Ldsung
760 1269 938 1335 bedurftef‘
972 1270 1088 1354 ·(Lilic
1122 1271 1156 1334 in
1170 1275 1172 1279 ’
1188 1267 1286 1334 Arch.
1316 1268 1336 1332 f.

324 1373 406 1440 Phil.
427 1373 488 1440 vol.
512 1374 553 1438 16
575 1397 605 1460 p.
627 1375 712 1455 331.)

387 1478 500 1565 Itaque
513 1480 597 1543 omni
610 1479 752 1543 veritatis
764 1478 871 1565 specie
887 1487 975 1542 caret
990 1480 1098 1567 opinio
1113 1478 1260 1544 Planckii
1274 1476 1336 1564 (1.1.

324 1605 355 1669 p.
372 1581 483 1668 599),>
502 1585 557 1669 qui
576 1585 611 1648 in
639 1585 711 1671 ipsa
731 1584 943 1670 descriptione
965 1586 1077 1648 aetatis
1098 1584 1225 1670 quintae
1246 1581 1335 1648 illum

322 1709 414 1752 suum
435 1688 634 1771 „Gedauken
657 1691 844 1754 cineracei
865 1691 1065 1772 encastum,
1092 1688 1240 1754 friedlich
1260 1688 1335 1753 bur-

322 1790 485 1876 gorlichen
507 1793 777 1880 Ordturaufgabe“
808 1793 958 1858 odoratus
984 1803 1038 1858 est.
1087 1794 1212 1881 Nempe
1239 1801 1335 1880 poeta

321 1903 404 1960 totus
425 1897 459 1960 in
481 1895 689 1978 admiratione
711 1899 907 1985 antiquitatis
929 1898 1063 1981 defixus,
1084 1907 1119 1963 ut
1140 1899 1223 1963 Dice
1240 1897 1333 1962 Arati

223 2071 229 2094 Ι
322 2001 491 2062 ποθέουσα
504 1999 662 2065 ’παλαιῶν
681 2002 768 2086 ἤθεα
790 1999 894 2076 λαῶν,
916 2001 973 2066 ·ab
1002 2001 1124 2066 artibus
1146 2001 1247 2086 magis
1277 2022 1332 2063 ex·

205 2092 209 2103 ’
321 2104 414 2169 cultis
435 2127 564 2191 sperare
585 2128 649 2171 non
670 2097 933 2193 potuit'reditum
954 2105 1078 2192 priscae
1106 2103 1196 2186 fidei,
1224 2104 1332 2168 amiei-

320 2209 401 2291 tiae‚
432 2209 675 2296 tranquillitatis.
722 2209 766 2272 Et
792 2214 850 2272 cur
876 2209 920 2292 is,
949 2209 1004 2294 qui
1034 2206 1176 2294 ejusdem
1204 2209 1331 2292 generis

320 2314 406 2390 vitae
427 2295 640 2400 progressum
653 2320 791 2399 cuperet,
812 2320 877 2376 tam
890 2311 973 2375 male
985 2310 1025 2375 de
1036 2322 1179 2398 tempore
1194 2321 1226 2375 et
1241 2334 1332 2399 prae-

320 2416 401 2480 senti
423 2425 455 2479 et
469 2415 672 2501 subsequenti
688 2415 875 2502 judicaret?
919 2415 1067 2501 Denique
1083 2414 1207 2501 singuia
1220 2416 1247 2479 si
1260 2437 1333 2503 per-

318 2510 448 2602 lustres,
468 2542 532 2586 non
554 2520 668 2586 desunt
689 2530 884 2616 argumenta,
904 2519 990 2584 unde
1003 2529 1136 2607 apparet
1152 2521 1331 2587 Hesiodum

318 2623 352 2686 in
374 2624 514 2686 carmine
536 2622 753 2711 delactatibus
781 2622 893 2687 mundi
914 2622 1114 2709 optimatium
1140 2632 1263 2689 tantmn
1284 2626 1330 2689 vi·

318 2734 384 2790 tam
405 2727 598 2813 respexisse,
620 2727 723 2814 plebis
745 2728 875 2815 ejusque
897 2728 1013 2792 artium
1033 2727 1189 2792 rationem
1209 2727 1330 2793 nullam
1358 2803 1361 2809 ¹

317 2828 472 2894 habuisse.
515 2830 736 2915 Agricultura
767 2833 858 2918 cujus
879 2832 1210 2897 commemorationem
1227 2830 1330 2897 ‘Lehr-

266 3006 274 3016 ¹
316 2936 381 3000 sius
403 2936 436 2999 in
459 2935 639 3021 effingenda
660 2944 763 3001 aetate
784 2935 884 3000 altera
906 2935 1114 3018 desideravit,
1136 2935 1240 3001 obiter
1258 2945 1330 3001 tan-

316 3041 403 3126 gitur
423 3063 452 3104 v.
477 3039 538 3103 146
561 3036 638 3102 odd&
657 3063 686 3101 a
707 3049 794 3101 οττυν
814 3039 947 3122 dedico:
976 3061 1079 3125 neque
1099 3060 1176 3103 vero
1199 3037 1262 3102 alia
1285 3037 1326 3103 de

317 3157 421 3225 causa,
443 3166 538 3230 quam
559 3151 595 3209 ut
617 3153 796 3230 opponatur
817 3141 888 3206 ἀλλ’
910 3141 1095 3225 ἀδάμαντος
1107 3164 1165 3205 ata.
1189 3142 1244 3225 (ad
1257 3165 1326 3208 sen-

314 3248 446 3311 tentiam
469 3247 507 3312 cf.
529 3252 566 3310 Π
584 3247 733 3327 33-35).
775 3247 882 3335 Atque
908 3271 959 3312 vv.
983 3247 1131 3313 156-73
1160 3249 1206 3313 ita
1227 3258 1327 3334 agunt

316 3351 357 3416 de
377 3352 553 3437 nobilibus,
574 3356 607 3416 in
629 3374 708 3438 quos
728 3361 913 3418 unos-totus
927 3352 987 3418 ¹ille
1007 3352 1095 3418 locus
1117 3351 1267 3438 quadrat,
1288 3375 1328 3418 ac

287 3522 297 3541 J,
315 3458 342 3522 si
364 3455 455 3543 plebs
477 3458 603 3522 omnino
624 3479 688 3530 non
709 3454 827 3521 fuisset.
947 3452 950 3455 ’

377 3561 452 3626 Jam
480 3576 583 3647 pauca
610 3561 652 3626 de
681 3562 817 3648 singulis
836 3558 981 3627 versibus
1012 3560 1171 3627 monenda
1197 3569 1326 3626 restant.

314 3662 353 3728 V.
376 3665 436 3728 111
460 3665 551 3728 rmcis
571 3665 709 3730 inclusus
732 3674 779 3730 est
805 3688 825 3730 a
847 3664 1059 3750 Goettlingio,
1094 3667 1146 3730 cui
1176 3663 1326 3751 Hcyerus

314 3769 342 3853 (l.
364 3766 383 3833 i
405 3792 436 3856 p.
459 3768 512 3852 25)
534 3768 751 3857 adstipulatur,
773 3770 990 3858 interpolatori
1005 3769 1148 3856 Orphico
1163 3786 1236 3833 eum
1254 3790 1326 3834 ver-

312 3893 382 3936 sum
412 3872 564 3938 tribuens.
613 3874 799 3960 „Nusquam
833 3875 939 3939 enims
971 3874 1085 3960 inquit<
1111 3871 1325 3960 Goettlingius

311 3976 485 4060 „Saturms
506 3977 541 4040 in
562 3975 624 4041 diis
647 3977 824 4065 Olympiois
842 3977 1005 4043 habetur.“
1047 3975 1092 4042 At
1111 3999 1151 4041 ne
1172 3976 1233 4041 hoc
1256 3980 1326 4063 qui·

313 4081 386 4146 dem
414 4103 509 4146 versu
541 4090 674 4146 vocatur
708 4081 787 4147 deus
818 4082 995 4170 Olympius.
1034 4079 1324 4146 ’θεὰ-ἀθάνατοι

307 4182 472 4266 Ὀλύμπια
498 4182 619 4267 δώματ’
648 4185 768 4265 exoras
793 4210 830 4250 -ν,
853 4187 916 4256 110
951 4206 1028 4251 nom
1045 4185 1198 4251 ulii-sunt
1226 4194 1323 4272 atque

311 4290 456 4355 Titanes:
479 4288 562 4376 quod
584 4289 744 4354 convincit
763 4289 1006 4356 ‹Iovis-nomon·
1019 4289 1323 4354 iactatione-ae-

309 4394 526 4507 tatis‘primae
549 4400 580 4458 ct
599 4374 757 4485 secundae
781 4391 1225 4479 omissum31·cum·=emphasi·
1239 4396 1322 4478 posi·

178 4492 193 4531 ¹
225 4510 230 4525 Ι
412 4502 426 4531 ,Ι
1358 4495 1359 4499 ,
