2864 5114
821 530 863 595 70

338 705 811 794 hucpeninent1524-600.
838 688 1035 769 ros-133.
1059 705 1088 765 a
1102 701 1263 766 cor-13:
1287 662 1353 785 qn-

338 811 471 876 buscum
492 809 531 874 cf.
553 808 612 873 Th.
635 809 707 873 613.
716 809 766 873 14.

404 936 444 1001 V.
466 937 529 1002 213
566 935 657 1021 δίνρν
686 935 853 1023 complecti
886 955 1011 998 omnem
1041 932 1230 1019 probitatem
1258 941 1353 1017 atque

242 1091 244 1096 .
341 1039 537 1106 honestatem
563 1039 785 1126 (Nttgelsbach.
815 1039 834 1103 l.
856 1038 877 1103 l.
898 1060 929 1125 p.
952 1037 1024 1101 201.
1054 1037 1092 1100 cf.
1115 1034 1258 1119 Theogn.
1282 1034 1353 1098 147.

342 1145 384 1210 48
406 1144 442 1207 δν
463 1142 499 1206 δὲ
524 1142 710 1233 δικαιοσύνῃ
738 1141 917 1228 συλλήβδην
938 1138 1019 1204 ποῖον’
1045 1138 1139 1226 ἀρετή
1163 1137 1259 1215 'cam
1288 1141 1354 1210 πᾶς

343 1246 381 1311 δέ
402 1247 429 1310 τ’
452 1245 533 1332 ἀνὴρ
555 1245 701 1326 ἀγαθός,
731 1247 851 1334 Κύρνε,
882 1240 1005 1320 δίκαιος
1032 1244 1124 1329 δῶν),
1155 1242 1248 1326 ὕβριν
1276 1265 1352 1324 esse,

344 1348 500 1440 quidquid
521 1351 567 1416 illi
588 1350 776 1418 adversetur
797 1349 1017 1438 (Nagelsbach.
1039 1372 1070 1436 p.
1093 1348 1178 1431 281),
1199 1347 1256 1410 vix
1272 1369 1351 1433 opus

333 1461 393 1520 'est
412 1457 540 1522 monito.
583 1458 626 1522 Et
642 1456 730 1522 idem
751 1467 847 1544 atque
869 1453 991 1528 δίκαιος
1002 1453 1088 1518 valet
1107 1452 1236 1535 εδοριιος
1248 1474 1278 1516 v.
1289 1451 1354 1516 285

346 1557 451 1645 (Pind.
474 1561 523 1628 Ol.
545 1561 588 1643 ΙΙ,
610 1561 652 1625 66
672 1565 784 1634 οἵτινες
803 1560 929 1644 ἔχαιρον
950 1556 1120 1643 εδοριδαις,
1142 1554 1198 1620 ubi
1212 1554 1354 1618 Dissen.:

343 1665 536 1752 „probitate,
557 1665 684 1752 pietate.
704 1665 743 1729 cf.
765 1663 982 1730 Hemsterhus
1012 1659 1054 1726 ad
1080 1659 1241 1746 Aristoph.
1271 1659 1354 1724 Plut.

345 1791 374 1834 v.
396 1769 492 1852 61‘52·
505 1779 701 1859 quapropter
721 1769 799 1834 deus
813 1768 926 1853 Ὅρκος
956 1763 1026 1853 (qui
1047 1766 1176 1853 proprie
1199 1773 1246 1828 est
1267 1764 1356 1830 testis

340 1872 551 1959 jtu’isjurandi
579 1897 609 1941 v.
639 1879 671 1936 B
692 1873 764 1938 755.
795 1873 896 1940 038.
928 1871 989 1936 Th.
1009 1870 1083 1934 400.
1106 1869 1178 1933 784.
1205 1861 1244 1932 οδ.
1265 1868 1355 1933 Butt-
1398 1853 1407 1870 ’

236 2057 246 2063 ,
324 1998 448 2041 ,mam
476 1977 581 2043 aem.
599 1978 633 2044 11
665 2001 697 2064 p.
724 1978 766 2042 ra
793 1976 887 2042 Pina.
915 1973 1010 2061 eya.
1031 1973 1091 2056 w,
1113 1973 1188 2054 τοι)
1212 1973 1280 2059 jue
1301 1995 1355 2058 pa·
1411 2047 1420 2056 ‚

345 2080 529 2147 trocinatur.

410 2207 450 2271 V.
472 2207 536 2271 214
565 2209 753 2272 assentimur
784 2207 946 2272 Gerhardi
964 2208 1173 2293 conjecturae
1190 2202 1267 2268 οδδέ
1289 2218 1354 2286 μιν.

346 2310 512 2395 Hagenius
532 2310 662 2397 quidem
674 2307 738 2397 (tl.
757 2311 809 2377 III
830 2312 902 2397 p.4)
916 2310 1071 2394 librorum
1088 2312 1278 2398 scripturam
1295 2315 1356 2394 μέν

347 2411 504 2477 defendit:
532 2412 589 2477 sed
610 2413 839 2500 particularum
860 2411 935 2477 οὐδὲ
956 2416 1016 2496 μέν
1036 2436 1128 2480 usum
1150 2414 1268 2480 docens
1284 2425 1357 2481 acta

347 2516 420 2602 egit.
461 2514 503 2582 Id
525 2516 640 2582 vellem
660 2517 826 2605 probasset
847 2517 1007 2605 objectum
1031 2517 1084 2583 hic
1113 2518 1225 2585 abesse
1253 2543 1354 2607 posse.

346 2617 400 2682 Ad
421 2620 506 2706 quod
530 2620 809 2688 demonstrandum
829 2644 871 2687 ne
893 2622 964 2709 quis
985 2622 1098 2688 afferat
1123 2627 1144 2686 1
1163 2623 1204 2688 79
1226 2623 1296 2687 ἐπεὶ
1318 2616 1357 2687 οδ

345 2726 405 2805 μὲν
425 2723 575 2810 ἐπέτρεπε
594 2721 693 2811 γήραϊ
713 2725 833 2812 toroni:
862 2726 997 2793 verbum
1030 2725 1178 2809 ἐπέτρεπε
1204 2727 1258 2793 illo
1287 2726 1356 2795 foco

263 2829 265 2835 ’
346 2829 545 2895 intransitive
565 2831 703 2917 positum
724 2838 779 2895 est.
879 2867 882 2873 .

411 2954 578 3020 Artissimo
599 2954 727 3020 vinculo
748 2976 821 3029 cum
842 2977 873 3019 v.
895 2955 958 3020 239
981 2953 1130 3020 cohaeret
1150 2978 1181 3019 v.
1200 2956 1280 3024 248:

391 3078 417 3143 ai
439 3079 595 3162 βασιλεῖς,
617 3077 730 3163 ὑμεῖς
752 3079 795 3143 δὲ
817 3079 1280 3167 compressansteneras

390 3184 507 3271 τήνδε
527 3185 641 3272 δίκην

284 3357 286 3363 ,
341 3291 405 3356 ,οἱοὶ
427 3292 617 3380 interpretes
639 3292 786 3358 dubitare
808 3315 871 3358 non
893 3291 1086 3378 debuerunt,
1109 3315 1246 3380 quonam
1266 3293 1359 3379 τήνδε

350 3393 440 3480 δίκην
460 3398 629 3481 referrent,
655 3399 683 3462 si
704 3420 757 3462 vv.
779 3397 927 3462 240-47
950 3399 1075 3485 spurios
1096 3399 1359 3465 esseintellexis-

332 3511 428 3567 sent.
470 3502 642 3590 Postquam
664 3503 748 3568 enim
769 3511 864 3591 poeta
884 3526 914 3568 v.
924 3503 987 3568 239
1008 3505 1116 3592 impiis
1137 3505 1284 3571 omnibus
1292 3506 1359 3570 vin·
1378 3570 1380 3575 ,

176 3630 187 3647 ⁸
242 3663 247 3671 ,
351 3605 469 3670 dictam
488 3605 580 3674 Jovis
600 3608 737 3672 minatus
748 3615 803 3690 est,
819 3607 889 3693 jam
901 3608 987 3694 ipsos
1003 3607 1132 3694 judices
1141 3606 1194 3671 vel
1201 3609 1361 3694 graviore,

351 3731 446 3795 qnam
461 3718 557 3774 antea
566 3710 706 3794 fratrem,
728 3712 869 3776 oratione
882 3709 1057 3797 compellat
1101 3710 1214 3775 Perses
1229 3709 1363 3797 quidem.

350 3813 431 3879 lucri
445 3813 620 3902 cupiditate
638 3823 823 3881 occaecatus
836 3813 965 3901 judices
976 3817 1171 3901 corruperat,
1192 3814 1250 3880 sed
1264 3815 1361 3901 longe
1394 3826 1402 3840 ‘

352 3917 454 4004 major
477 3927 524 3982 est
545 3918 638 4006 culpa
667 3919 808 4013 illorum,
838 3921 893 4006 qui
923 3918 1101 3985 sanctitatis·
1125 3916 1232 4003 legum
1261 3919 1358 3997 obliti,
1374 3914 1382 3973 '-

352 4030 507 4107 potestate
534 4046 591 4088 sua
619 4024 740 4089 nefarie
768 4023 950 4089 abutuntur·
1000 4020 1108 4102 Quare
1140 4043 1238 4108 quum
1269 4022 1360 4088 fratri

352 4127 448 4190 etiam
476 4127 618 4213 justitiae
650 4129 792 4214 praemia
821 4127 1053 4214 proposuisset,
1081 4123 1209 4212 judices
1237 4137 1360 4194 tantum

352 4252 527 4316 poenarum
555 4230 684 4296 sceleris
714 4231 955 4298 commonefacit
982 4237 1077 4316 atque
1107 4229 1219 4295 eadem
1248 4241 1360 4319 quater

352 4336 486 4418 repetita
507 4337 662 4401 sententia
686 4337 769 4413 (249.
791 4335 863 4401 252.
886 4333 960 4401 256.
982 4333 1061 4399 267ι
1084 4352 1179 4418 quam
1199 4337 1359 4423 repetitio·
