2864 5114
740 486 781 550 74

319 661 396 726 Post
409 659 556 746 judicum
577 659 790 746 apostrophen
819 668 850 724 et
877 654 1032 746 promissa
1052 657 1266 746 praemiorum

154 763 158 776 ¹
257 786 494 852 poenarumque
515 765 616 828 urinas
638 763 680 828 ad
711 763 812 851 ipsam
839 763 928 828 litem
949 761 1085 827 Hesiodi
1105 761 1267 827 traductas

255 871 356 934 oratio
376 879 487 932 rursus
507 867 550 932 ad
570 869 691 932 Persen
710 868 909 932 ¹convertitur
937 867 1068 953 ejusque
1089 887 1191 948 sonus,
1211 868 1266 952 qui

253 975 355 1060 primo
377 972 511 1038 acerbus
533 980 627 1058 atque
649 994 775 1036 amarus
796 970 908 1053 luerat,
931 966 1047 1035 deinde
1059 970 1166 1056 gravis
1184 992 1265 1033 sum-

253 1098 401 1164 mamque
423 1077 521 1141 animi
543 1075 786 1139 commotionem
806 1072 960 1160 prodens,
989 1075 1059 1161 jam
1092 1073 1276 1161 tranquilli»

252 1168 311 1247 tati
331 1182 417 1245 mitis
439 1180 614 1266 sapientiae
636 1200 695 1265 per
715 1186 816 1242 totum
838 1198 967 1242 carmen
988 1178 1148 1264 aequabili
1170 1177 1264 1242 cedit.

253 1284 303 1348 Ac
325 1285 429 1371 primo
452 1283 581 1370 quidem
603 1281 673 1347 loco
701 1291 732 1346 et
760 1282 847 1352 velut
876 1283 910 1347 in
932 1282 1068 1356 confinio
1089 1284 1211 1369 primae
1233 1293 1265 1347 et

254 1387 383 1453 alterius
405 1386 549 1474 Operum
580 1395 612 1450 et
632 1386 768 1451 Dierum
796 1387 896 1473 partis
917 1395 970 1450 est-
986 1384 1265 1470 α’νακὲφαλαίωσις

252 1493 503 1574 accuratissima,
540 1513 621 1578 quae
656 1512 811 1556 summam
851 1512 1001 1556 versuum
1033 1492 1196 1557 203-69
1230 1494 1264 1556 in

251 1594 367 1659 breves
386 1616 518 1680 gnomas
539 1595 727 1659 contrahens
741 1616 865 1680 agmen,
887 1593 973 1680 quod
988 1594 1143 1680 usquead
1159 1620 1187 1660 v.
1200 1597 1264 1662 380

252 1695 449 1782 extenditur,
471 1695 660 1784 gnomonum
682 1698 778 1762 ducit.

313 1801 358 1865 Et
390 1803 435 1866 ita
470 1801 599 1888 quidem
633 1802 777 1866 instituta
811 1808 859 1866 est
892 1799 1190 1884 ἄνακεφαλαίωσις,
1228 1809 1263 1864 ut

250 1925 280 1968 v.
303 1906 366 1971 275
395 1906 514 1986 reserat
538 1906 639 1971 verba
666 1904 827 1972 vibrantia
854 1907 995 1970 universi
1023 1905 1087 1971 loci
1115 1904 1203 1989 δίκης
1220 1924 1263 1953 -’-

249 2013 334 2094 βῆς,
365 2032 499 2096 quorum
520 2009 580 2075 hoc
603 2008 713 2095 ὕβριος
738 2011 842 2074 vicem
871 2009 1001 2075 obtinet.
1044 2009 1173 2072 Deinde
1194 1999 1262 2072 se'n-

249 2136 302 2178 sus
321 2112 450 2179 -t'abulae
471 2115 506 2178 in
526 2115 616 2179 initio
639 2114 760 2200 positae
773 2134 858 2178 nunc
871 2113 999 2177 demum
1012 2111 1152 2176 dilucide
1166 2135 1262 2177 enun-

250 2219 353 2283 ciatur
371 2238 419 2282 vv.
430 2218 587 2283 ate-79.
621 2219 764 2299 Quorum
780 2240 930 2284 versuum
949 2226 1095 2284 extrema
1106 2217 1126 2303 ἢ
1139 2217 1262 2282 nottav

250 2319 358 2406 ἀρίστη
390 2324 525 2400 γίγνεται
555 2327 650 2409 (qnae
679 2322 773 2408 longe
802 2325 947 2409 superior
973 2327 1009 2404 {a
1034 2324 1054 2386 i.
1076 2344 1101 2387 c.
1130 2322 1259 2388 tandem

249 2424 420 2512 aliquando
439 2426 554 2509 vincit)
576 2427 743 2492 manifesto
765 2435 913 2514 repetunt
923 2429 1172 2513 propositionem
1190 2426 1259 2511 δίκη

249 2526 379 2612 drinio
409 2528 517 2623 ὕβριος
545 2533 622 2610 ἴσχοι
649 2529 689 2604 ἐς
717 2529 831 2605 τέλος
855 2527 1091 2605 ἐξελθοῦσα.
1149 2535 1261 2617 Neque
1390 2541 1393 2547 ’

248 2637 426 2720 argumenti
469 2638 619 2724 repetitio
657 2636 845 2702 brevissima
882 2634 1081 2700 desideratur
1122 2633 1258 2722 (280-

249 2733 464 2827 85);·ἱοόιιο
483 2762 605 2806 merces
627 2740 749 2807 tributa
765 2741 908 2828 justitiae
931 2737 1052 2818 ὄλβος
1080 2740 1149 2826 ejus
1170 2760 1261 2805 exer

248 2847 407 2911 nationem
429 2846 491 2911 loci
513 2844 589 2933 (227
607 2851 685 2932 sqq.)
705 2847 742 2937 in
759 2846 946 2910 memoriam
960 2844 1094 2909 reducit.
1138 2842 1260 2909 Verum

247 2972 366 3037 poena,
396 2951 477 3037 quae
499 2973 597 3038 supra
618 2952 651 3014 in
673 2950 819 3015 versibus
840 2951 986 3034 genuinis
1008 2949 1170 3014 nominata
1192 2958 1261 3014 erat
1357 2978 1360 2986 ¹

248 3055 350 3137 nulla,
379 3055 433 3119 hic
456 3074 521 3120 una
542 3056 673 3141 punitur
694 3053 831 3118 defectio
852 3056 995 3139 generis:
1024 3053 1143 3118 malum
1160 3074 1261 3119 -sane-

249 3180 344 3243 quam
365 3175 575 3245 permagnum
597 3180 639 3222 ex
661 3160 809 3244 opinione
831 3157 957 3222 illorum
978 3166 1175 3244 temporum:
1200 3157 1258 3222 sed

247 3269 354 3324 tamen
384 3261 468 3325 hanc
498 3263 639 3326 maxime
668 3261 709 3325 ob
740 3282 867 3327 eausam
896 3261 1000 3349 posita
1028 3283 1097 3326 esse
1122 3259 1259 3343 videtur,

249 3363 338 3448 unde
356 3373 450 3450 aptus
470 3366 621 3430 transitus
642 3365 803 3431 fieretad
818 3364 920 3431 vaso
942 3361 1060 3449 ἀνδρὸς
1081 3361 1113 3426 d⁰
1126 3361 1259 3445 εὐόρκου
1331 3408 1333 3414 Α

245 3464 334 3551 γενεὴ
352 3466 548 3551 μετόπισθεν
569 3467 719 3551 ἀμείνων.

311 3568 377 3652 Qui
398 3593 510 3636 versus
529 3573 614 3637 redit
635 3574 669 3636 in
696 3571 825 3636 oraculo
847 3568 1006 3657 Delphico
1028 3563 1114 3654 apud
1135 3565 1256 3630 Herod.

248 3673 305 3757 VI,
327 3675 386 3739 86:
417 3675 503 3761 quod
531 3678 626 3741 etiam
654 3679 688 3741 in
717 3675 869 3762 allegoria
895 3671 1065 3738 Hesiodeis
1098 3669 1259 3734 simillima

247 3786 304 3842 aut
329 3778 507 3844 Hesiodum
537 3780 624 3864 (2192
648 3781 711 3844 222
733 3779 822 3866 sqq.)
844 3779 977 3845 fortasse
1001 3779 1096 3841 etiam
1122 3771 1257 3840 Iliadem

247 3881 278 3966 (l
294 3882 447 3967 act-6)
468 3894 611 3950 secutum
632 3895 681 3949 est
700 3893 756 3951 aut
776 3908 819 3949 ex
840 3885 926 3949 fonte
948 3884 1076 3968 utrique
1098 3883 1257 3946 communi

245 3987 358 4053 hausit.
412 3989 540 4053 Etenim
570 3991 765 4075 cognationis
801 3988 938 4076 quodam
971 3985 1100 4050 vinculo
1134 3989 1257 4074 poesim

245 4094 424 4174 gnomieam
446 4114 519 4158 cum
542 4092 678 4159 oraculis
706 4095 875 4160 cohaerere
901 4114 965 4158 non
986 4088 1188 4156 diffitendum
1209 4076 1258 4155 est'

246 4194 298 4259 vel
319 4198 425 4282 potius
445 4195 500 4262 illa
521 4207 594 4264 sunt
622 4184 737 4284 magna
759 4221 800 4262 ex
828 4211 919 4285 parte
945 4195 1087 4260 carmina
1108 4195 1255 4281 gnomica

153 4345 155 4348 -
245 4298 301 4364 sed
323 4299 366 4364 ad
387 4324 483 4366 unam
505 4302 643 4390 aliquam
666 4304 863 4370 occasionem
894 4301 1046 4367 confecta.
1090 4301 1134 4366 At
1155 4301 1255 4386 ipsius
