2864 5114
623 383 819 470 ar*

183 575 250 632 tum
269 566 364 633 dicit:
387 570 421 635 in
442 575 548 634 alteris
562 581 668 638 terrae
684 574 802 639 finibus
819 578 979 640 extremis.
1022 576 1097 640 Duo
1112 576 1195 639 enim

182 681 254 737 sunt
275 673 346 739 looa
366 673 420 738 ἐπ’
450 675 577 764 dopmni
605 677 672 740 sive
701 676 738 763 dr
759 679 885 761 πείρασι
905 681 1012 764 raiae:
1041 679 1196 744 Tartarus

182 777 266 842 infra
295 788 415 844 terram
447 779 631 873 Oroumque
660 781 735 860 (rh.
765 782 838 846 731.
867 783 1025 848 736-38.
1055 783 1094 846 of.
1121 783 1195 847 622.

183 881 215 944 Θ
234 883 366 968 47879)
389 883 579 965 etOoeanus
596 884 808 966 (71127475.
831 887 903 952 335.
925 887 997 952 518.
1019 885 1040 949 d
1062 887 1134 952 563.
1144 886 1194 951 68.

180 986 213 1054 Ξ
231 987 340 1051 2991.
364 987 402 1051 ef.
424 987 574 1053 Voloker.
595 988 678 1054 hom.
701 989 819 1076 Geogr.
842 1014 872 1078 p.
896 991 959 1056 156
971 993 1062 1078 sqq.).
1105 990 1194 1076 Ergo
1267 1034 1281 1049 *-

181 1091 260 1156 nihil
282 1101 329 1157 est
351 1092 436 1179 quod
458 1116 488 1156 v.
511 1093 588 1176 169,
613 1094 672 1158 etsi
692 1095 829 1160 Proculo
851 1096 1017 1182 testejam
1036 1118 1059 1164 ,a
1079 1096 1193 1179 veteris
1247 1108 1250 1113 '

181 1195 241 1261 bus
263 1195 455 1290 quibusdam
477 1197 596 1283 ejectus
619 1206 687 1262 erat
694 1248 703 1281 ,
733 1221 792 1287 pro
824 1201 932 1287 spurio
954 1199 1122 1292 habeatur,
1153 1199 1193 1262 of.

183 1301 279 1366 etiam
300 1286 495 1366 simillimum
517 1301 722 1387 Theogoniae
744 1326 774 1366 v.
795 1304 869 1369 302.

245 1404 307 1470 Vv.
331 1405 478 1469 179-81
502 1415 575 1471 sunt
597 1407 762 1492 emblema,
784 1430 847 1494 quo
869 1405 956 1472 haud
977 1407 1043 1471 scio
1065 1428 1106 1470 an
1127 1406 1195 1471 uni·
1262 1390 1267 1399 ’

178 1518 308 1573 versum
329 1508 473 1596 Operum
506 1518 537 1573 et
553 1502 702 1576 'Dierum
735 1533 864 1576 carmen
894 1510 1051 1575 inficetius
1079 1509 1198 1575 habeat

180 1611 320 1677 nullum:
343 1612 428 1677 unde
450 1616 564 1680 merito
583 1614 725 1680 damnati
745 1620 819 1680 sunt
838 1613 1073 1699 aGoettlingio,
1095 1614 1196 1681 Lehr·

180 1716 227 1780 sio
257 1715 331 1796 (1.1.
363 1739 394 1803 p.
416 1717 508 1800 236),
537 1741 567 1782 v.
590 1718 653 1783 179
679 1720 784 1784 ⁴etiam
815 1717 856 1784 ab
885 1718 1033 1804 Hagenio
1064 1716 1195 1797 (1.1.Π

180 1841 212 1906 p.
233 1821 336 1895 xxm)
360 1829 391 1883 et
412 1819 542 1907 Heyero
566 1821 599 1904 (l.
619 1821 638 1885 1
659 1845 691 1910 p.
711 1823 776 1905 27).
820 1822 866 1886 Ut
887 1820 927 1886 ab
950 1820 1011 1885 hoo
1031 1842 1126 1885 versu
1149 1821 1194 1886 in-

181 1925 349 2012 cipiamus,
372 1936 505 2013 apparet
525 1928 560 1992 in
581 1937 699 2012 aetate,
721 1928 848 2015 qualem
868 1950 920 1993 vv.
943 1927 1111 1993 182-201
1142 1927 1195 2006 de,-

181 2031 335 2117 pingumt,
366 2030 471 2096 locum
498 2055 562 2098 non
589 2032 709 2098 habere
738 2034 818 2099 illud
847 2035 902 2096 καὶ
929 2041 1007 2096 τοῖσι
1035 2032 1196 2114 μεμίξεται

180 2132 286 2196 ἐσθλοὶ
308 2144 461 2198 κακοῖσιν.
492 2137 624 2228 'Quare
640 2138 710 2224 jam
732 2137 886 2203 Proculus
914 2137 1060 2222 interque
1086 2157 1194 2201 reeen-

182 2239 279 2303 tiores
302 2239 341 2305 G.
364 2240 567 2305 Hermannus
590 2241 720 2329 (Opuso.
743 2241 792 2306 VI
812 2265 843 2329 p.
867 2240 938 2305 169.
960 2241 1036 2320 227)
1061 2250 1093 2304 et
1111 2239 1194 2305 Voll-

181 2343 311 2408 behrius
333 2343 364 2424 (l.
386 2342 406 2407 1.
427 2368 458 2431 p.
471 2345 528 2424 43)
551 2336 696 2411 versibus
721 2344 866 2411 179-81
891 2344 1039 2410 oonoludi
1061 2343 1194 2409 arbitra·

180 2447 296 2513 bantur
326 2447 571 2535 descriptionem
598 2451 710 2514 aetatis
743 2438 1038 2536 quintae'nondum
1066 2471 1195 2536 prorsus

179 2551 340 2639 perditae,
370 2576 465 2639 quam
487 2553 618 2617 tandem
639 2552 733 2638 longe
761 2553 900 2639 pessima
932 2554 1074 2617 omnium
1102 2562 1195 2617 sexta

181 2664 355 2744 exceptura
378 2666 468 2721 esset.
511 2655 556 2720 At
577 2655 656 2720 nihil
677 2665 713 2719 ut
728 2655 833 2719 dioam
855 2655 895 2719 de
919 2677 965 2737 eo,
988 2655 1074 2741 quod
1089 2658 1134 2719 ita
1149 2656 1193 2721 lo

181 2780 236 2825 eus
260 2759 300 2824 de
322 2762 433 2847 quinta
446 2767 557 2855 ,aetate
573 2767 645 2846 post
666 2757 835 2824 exordium
850 2757 972 2844 grande
985 2758 1090 2823 subito
1102 2760 1193 2845 quasi
1310 2779 1312 2783 ’

181 2864 310 2929 mutilus
331 2862 582 2951 praecideretur:
605 2862 708 2928 nullus
729 2886 805 2928 sane
827 2863 963 2950 scriptor
983 2862 1045 2927 nisi
1065 2862 1192 2949 imperi-

179 2968 318 3032 tissimus
349 2989 386 3031 ao
416 2965 615 3032 stultissimus
644 2969 756 3059 aetatis
786 2989 888 3032 novae
917 2966 1193 3031 adumbrationem

181 3072 362 3158 ampioatus
384 3080 519 3136 essetne
540 3070 699 3136 lenissime
722 3071 855 3157 quidem
877 3072 944 3162 ejus
973 3070 1113 3135 indicato
1134 3070 1192 3134 ini·

182 3176 236 3240 tio.
280 3174 375 3258 Quod
396 3184 483 3240 recte
506 3177 644 3240 sentiens
664 3176 868 3241 Hermannus
884 3176 959 3241 olim
981 3174 1022 3239 ad
1036 3197 1108 3239 eam
1120 3196 1191 3240 con-

176 3278 336 3365 jecturam
358 3278 558 3365 confugerat,
581 3289 616 3344 ut
637 3279 743 3366 plures
764 3302 874 3344 versus
897 3277 1055 3343 excidisse
1077 3287 1192 3344 statue

180 3392 242 3448 ret:
264 3406 346 3471 quae
365 3383 453 3448 omni
475 3392 563 3447 earet
583 3382 798 3448 fimdamento.
840 3374 950 3449 Potius
970 3391 1034 3447 tres
1056 3380 1102 3448 1111
1122 3405 1192 3448 ver·

182 3510 235 3552 sus
255 3488 433 3574 interpositi
455 3484 528 3551 su'nt
549 3486 590 3551 ab
613 3487 718 3574 aliquo
740 3487 866 3553 homine
888 3485 1016 3569 stolido,
1039 3488 1095 3574 qui
1116 3508 1190 3574 poe-

179 3599 232 3658 tae
245 3600 359 3657 ·mente
379 3615 444 3658 non
465 3601 635 3680 perspecta
655 3615 751 3657 versu
770 3594 831 3658 179
853 3599 1017 3656 attenuare
1034 3588 1191 3673 studebat,

181 3719 261 3783 quae
283 3697 384 3760 nimia
403 3696 463 3782 ipsi
485 3696 685 3761 videbantur.
727 3696 761 3761 Is
782 3718 891 3761 versus
912 3696 1042 3761 fluxisse
1064 3695 1192 3760 videtur

181 3824 223 3864 ex
244 3800 346 3865 Iliade
364 3800 473 3864 usna
482 3799 533 3864 30.
576 3800 672 3866 Unde
694 3801 850 3865 sententia
861 3823 912 3863 vv.
928 3801 1047 3879 rauel
1066 3809 1192 3887 sumpta

180 3906 236 3986 sit,
258 3928 323 3970 non
345 3902 530 3990 expeditum
553 3913 600 3967 est
621 3903 709 3969 dictu
729 3927 834 3991 neque
855 3927 933 3970 vero
963 3926 1116 3990 quaerere
1146 3913 1190 3968 at-

160 4011 272 4091 tinet,
294 4007 378 4073 unde
399 4008 479 4073 baro
500 4010 560 4072 iste
581 4026 682 4092 nugas
712 4030 784 4074 suas
805 4018 965 4074 mutuatus
999 4008 1047 4072 sit.
1107 4008 1191 4072 Nam

180 4116 207 4177 si
230 4112 265 4176 id
286 4112 348 4176 sibi
370 4110 480 4177 volunt
507 4111 562 4176 illa
582 4107 647 4174 οὔτ’
668 4114 711 4174 ἄν
736 4112 912 4195 γεινόμενοι
941 4109 1191 4196 πολιοκρόταφοι

180 4215 370 4290 αλέθαοιν,
393 4225 429 4280 ut
450 4215 593 4280 homines
615 4238 688 4281 oum
716 4239 841 4282 morum
871 4216 1042 4304 pravitate,
1060 4210 1190 4280 tandem
