2864 5114
666 407 708 470 63

175 577 383 662 praeteritum
413 574 543 640 induxit
578 575 705 654 diversa
734 578 873 642 narratio
907 581 1116 664 posteriorum
1146 586 1188 659 (v,

175 679 318 766 Theogn.
348 679 525 744 1135-50.
576 679 666 744 Arat.
697 682 766 745 133.
785 681 836 745 34.
865 680 925 746 Ov.
959 692 1032 747 met.
1059 684 1089 765 I,
1120 685 1189 749 150.

175 785 264 871 Virg.
286 783 354 849 Ecl.
374 783 433 866 IV,
454 784 474 847 6
497 792 529 847 et
551 802 630 870 quos
652 793 819 871 praeterea
851 784 893 849 ad
925 806 979 849 eos
1000 785 1086 852 locos
1108 797 1187 852 attu-

174 890 280 956 lerunt
300 890 458 976 interpp).
559 908 563 922 ¹

641 1250 673 1342 ξ.
697 1255 726 1319 6.

480 1403 528 1489 De
550 1403 689 1464 uersibus
710 1401 889 1464 202-285.

239 1571 448 1660 Emblematis
469 1594 660 1680 longissimis
685 1594 903 1658 exterminatis
927 1594 996 1680 jam
1030 1592 1072 1658 ad
1093 1596 1189 1660 inter-

68 1778 69 1783 *
174 1706 303 1784 ruptum
324 1696 412 1761 filum
433 1696 584 1762 orationis
606 1707 813 1775 revertamur.
834 1734 878 1744 —-
920 1696 1049 1763 Acerba
1071 1698 1125 1762 illu
1146 1701 1187 1764 ir-

173 1804 263 1884 risio,
286 1824 366 1888 quae
389 1825 440 1866 vv.
461 1802 559 1867 4041
583 1804 703 1887 inerat,
733 1804 767 1867 in
795 1803 951 1889 proximis
979 1801 1030 1866 vel
1050 1815 1186 1889 augetur

173 1916 303 1994 repente
326 1905 449 1993 prolata
471 1907 592 1990 fabula,
614 1898 884 1993 quamobsc'urior
905 1911 1009 1996 primo
1031 1908 1185 1995 adspectu

65 2088 71 2093 ι
173 2032 300 2076 sensum
321 2010 521 2076 reconditum
542 2034 618 2077 mox
641 2014 744 2099 aperit
766 2022 798 2077 et
819 2023 867 2078 est
889 2016 978 2100 quasi
1000 2035 1186 2102 responsum

52 2183 55 2187 ,
174 2113 317 2199 judicum
338 2114 467 2200 plenum
488 2115 697 2180 cavillationis
719 2117 971 2204 superbissimae.
1024 2117 1186 2199 Quantum

173 2220 215 2283 sit
235 2221 318 2284 inter
338 2219 408 2284 illos
438 2219 663 2307 hominemque
697 2221 737 2286 de
767 2220 860 2308 plebe
893 2221 1061 2286 discrimen
1094 2245 1184 2310 prae-

175 2322 253 2387 clari
269 2346 325 2386 ·vv.
347 2323 447 2388 2045
476 2324 673 2397 vividissimc
696 2325 873 2413 depingunt
893 2327 1032 2412 imagine
1053 2349 1185 2415 praepo-

173 2429 267 2502 tentis
288 2430 449 2515 accipitris
471 2436 502 2492 et
523 2427 676 2494 lusciniae
697 2430 852 2517 paventis.
906 2431 950 2494 Et
974 2431 1090 2517 quibus
1116 2454 1185 2497 ver-

173 2533 223 2598 bis
243 2533 365 2599 nobiles
386 2535 477 2620 quasi
497 2534 690 2621 respondent
711 2535 857 2601 omnibus
874 2536 1009 2601 Hesiodi
1036 2536 1186 2602 lamenta·

173 2640 328 2724 tionibus,
348 2661 389 2703 ne
403 2647 521 2724 negant
530 2638 660 2724 quidem
678 2640 838 2724 injuriam:
862 2635 949 2718 ἔχει’
962 2638 1009 2702 νύ
1032 2655 1072 2701 σε
1092 2639 1185 2703 πολ-

173 2740 244 2806 λόν
265 2739 414 2826 οἷρείωιν
438 2747 484 2822 (es
506 2741 573 2806 hele
606 2741 680 2806 dich
709 2745 900 2806 ebeneiamul
926 2744 978 2806 ein
1005 2741 1069 2805 viel
1099 2741 1184 2807 star-

173 2847 299 2929 kerer),
332 2847 422 2932 cujus
443 2846 628 2921 insolentiae
656 2847 845 2912 imbecillior
859 2856 914 2931 est
936 2845 1088 2911 ludibrio:
1118 2845 1184 2910 dst-

61 3014 66 3031 ,,
172 2971 255 3014 moa
277 2949 310 3013 δ’
332 2951 370 3012 αἵ
388 2946 414 3011 κ’
437 2947 544 3012 ἐθέλω
557 2947 732 3034 ποιήσομαι
745 2948 781 3034 ἠὲ
795 2948 938 3034 μεθήσω.
982 2949 1050 3015 Our
1066 2948 1186 3018 mulcet

171 3052 354 3136 lusciniam,
386 3054 444 3116 vix
462 3054 531 3139 ipse
552 3055 612 3118 scit
632 3076 735 3140 neque
758 3053 853 3134 illud,
886 3055 967 3118 sitne
998 3053 1183 3119 dimissurus
1250 3050 1253 3055 ’

172 3179 213 3220 an
233 3157 464 3221 interfecturus.
722 3236 725 3240 ι

234 3277 309 3342 dam
331 3276 451 3360 elucet,
474 3300 568 3364 quam
590 3279 733 3366 ineptum
755 3288 851 3361 esset,
874 3280 901 3342 si
922 3277 986 3342 ullo
1009 3299 1079 3341 eam
1091 3301 1182 3364 prae-

170 3389 263 3468 cepto
285 3380 414 3467 dignam
436 3380 577 3447 haberet.
626 3384 708 3448 Nam
740 3383 820 3447 nihil
847 3384 877 3446 ei
899 3391 946 3447 est
966 3383 1028 3452 nisi
1050 3405 1182 3471 crepun-

170 3485 238 3550 dia:
260 3509 338 3550 num
357 3485 497 3572 gaudeat
519 3509 560 3551 an
583 3487 772 3584 doleatnon
790 3492 938 3551 interest!
973 3485 1105 3550 Minime
1127 3512 1180 3553 au-

168 3597 233 3656 tem
253 3589 377 3656 tumida
398 3590 574 3656 verbositas
595 3614 648 3655 vv.
670 3577 791 3656 21011
816 3591 940 3673 (merito
957 3590 1027 3676 jam
1049 3591 1091 3655 ab
1108 3589 1182 3656 Ari.

168 3696 294 3761 starcho
329 3703 361 3760 et
388 3695 618 3761 recentioribus
660 3696 820 3785 plerisque
857 3694 948 3761 obelo
984 3699 1177 3776 notatorum)
1229 3720 1232 3727 ·

168 3801 316 3866 convenit
336 3800 486 3865 brevitati
507 3800 555 3864 illi
575 3800 727 3886 frigidae,
750 3824 813 3888 qua
831 3824 883 3866 vv.
891 3801 1018 3865 aot-9
1033 3809 1179 3867 neutram

168 3904 329 3990 accipitris
350 3913 416 3968 tam
438 3904 601 3992 praeclare
624 3913 855 3992 expresserunt
909 3903 974 3969 Sed
1008 3906 1106 3969 etiam
1134 3907 1181 3970 in«

169 4009 273 4095 eptior
295 4017 342 4073 est
363 4032 392 4072 v.
415 4010 478 4074 202
506 4033 525 4074 a
548 4010 727 4075 Twestenio
758 4009 790 4090 (l.
811 4010 830 4074 l.
853 4034 883 4098 p.
905 4011 958 4089 21)
988 4019 1019 4075 et
1046 4010 1180 4077 Gettlin-

168 4113 222 4197 gio
239 4113 314 4199 jure
336 4112 510 4180 damnatus.
559 4114 672 4180 Indice
701 4115 828 4180 fabulae
859 4138 938 4203 opus
960 4115 1089 4203 quidem
1111 4125 1180 4181 erat

168 4226 239 4303 post
252 4215 470 4309 additamenta
490 4229 586 4302 tanta,
609 4240 706 4285 versu
717 4220 757 4283 41
773 4219 868 4284 modo
881 4241 1069 4305 praegresso
1081 4242 1178 4306 quum
