2864 5114
181 729 186 761 t

729 354 771 428 32

166 528 168 543 '
247 531 336 610 runt,
357 523 414 589 sed
436 522 515 589 nihil
535 546 645 590 eorum
677 524 845 589 referebat
896 522 1024 589 Deinde
1052 523 1173 589 Porsen
1203 545 1273 597 sua,

247 627 391 713 portione
414 636 594 694 contentum
616 649 680 693 non
700 649 829 692 necesse
858 634 926 693 erat
954 627 1060 694 malva
1091 638 1123 695 et
1150 628 1261 715 aspho-

249 730 319 797 delo
342 732 545 819 vivere‚·qui
565 735 592 799 si
613 732 759 798 laborare
781 732 948 816 mirumst,
978 734 1083 821 potuit
1109 732 1154 808 εἰς
1176 734 1260 828 otpe-¹

248 850 306 898 vor
326 835 482 899 σπεύδειν.

313 939 455 1026 Longior
468 943 600 1006 fortasse
614 939 661 1004 fui
680 941 713 1004 in
730 963 796 1006 rea
811 940 917 1004 multis
931 948 1004 1005 ante
1015 962 1067 1004 me
1085 940 1261 1029 explicata:

248 1043 306 1110 sed
328 1067 365 1111 eo
384 1046 433 1117 fui
458 1044 604 1127 coneilio,
626 1052 662 1108 ut
683 1054 738 1110 aut
759 1040 954 1110 continuatio
981 1067 1131 1111 versuum
1156 1046 1196 1110 41
1229 1052 1263 1109 et

247 1148 487 1214 taratantara
515 1147 705 1213 defendatur
725 1147 924 1231 melioribus,
954 1154 1050 1234 quam
1079 1147 1184 1214 adhuc
1207 1147 1262 1211 de·

250 1251 372 1316 feneam
392 1274 460 1316 esse
484 1250 594 1333 video,
616 1260 671 1317 aut
692 1250 893 1316 concedatur·
905 1273 958 1315 vv.
979 1251 1127 1316 42—201
1151 1249 1192 1316 ab
1214 1248 1261 1312 in·

248 1355 492 1444 terpolatoribus
513 1354 575 1421 buo
597 1377 665 1420 esse
677 1357 819 1422 insertos.
863 1354 975 1420 Omnis
994 1357 1079 1431 enim
1101 1365 1134 1420 et
1155 1354 1263 1420 defen·

185 1458 187 1463 ’
250 1462 297 1528 sio
318 1470 351 1525 et
359 1461 555 1548 impugnatio
568 1461 664 1525 totius
675 1458 738 1525 looi
750 1459 959 1547 imprimisssab
974 1467 1123 1524 accurata
1134 1457 1262 1524 illorum

248 1588 397 1631 versuum
430 1564 564 1631 duorum
592 1566 851 1652 interpretatione
883 1562 1011 1651 pendet
1069 1541 1174 1646 Quam
1204 1565 1262 1650 qui

251 1671 482 1734 circumvectus
503 1670 545 1734 de
566 1668 768 1755 generalibus
789 1676 912 1732 tantum
940 1667 1103 1732 sententiis
1137 1673 1263 1732 antece·
1366 1737 1368 1744 ,

251 1773 393 1839 dentium
413 1775 675 1861 sequentiumque
697 1772 830 1855 dixerit,
863 1771 1035 1858 profecerit
1058 1770 1154 1836 nihil:
1186 1793 1263 1836 nam

251 1877 481 1964 Neoplatonioa
508 1877 630 1942 ratione
667 1875 898 1963 interpretandi
935 1874 1090 1939 sententia
1130 1875 1263 1959 quaevis

252 1983 353 2051 cuivis
381 1983 555 2047 sententiae
584 1983 710 2047 annecti
742 1990 854 2068 potest.
904 1980 1055 2047 Ceterum
1087 2001 1151 2045 non
1179 2001 1263 2065 nego

250 2109 399 2172 magnam
420 2087 524 2171 primo
544 2078 698 2172 adspectu
724 2108 777 2150 vv.
798 2085 926 2149 42-46
948 2107 1020 2149 oum
1043 2083 1203 2172 Operibus
1231 2092 1266 2148 et

252 2190 365 2256 diebus
398 2211 466 2254 esse
494 2191 672 2274 argumenti
699 2189 950 2255 similitudinem:
977 2211 1058 2276 quae
1090 2186 1264 2254 similitudo

162 2326 171 2340 ‘
252 2298 323 2382 ipsa
342 2292 617 2380 interpolationem
649 2302 681 2359 et
711 2295 898 2382 provocavit
932 2301 964 2358 et
996 2292 1094 2359 oculis
1114 2290 1268 2380 plurimox

252 2419 323 2462 rum
342 2397 432 2462 texit

740 2628 799 2702 (4.

564 2767 611 2828 De
633 2632 772 2830 versia
793 2765 951 2840 42-105.

317 2916 488 3000 Episodia‚
509 2939 591 3003 quae
613 2926 802 3005 sequuntur,
826 2918 866 2983 de
887 2916 1038 2984 Pandora
1052 2925 1084 2982 et
1104 2915 1264 2983 aetatibus

253 3019 364 3085 mundi
384 3023 411 3085 si
432 3020 512 3085 nihil
525 3042 598 3085 cum
614 3022 775 3109 Operibus
797 3031 829 3086 et
845 3021 969 3087 Diebus
989 3021 1180 3108 reliquisque
1195 3041 1264 3084 oar
1317 3045 1324 3059 ‘

253 3123 391 3189 minibus
420 3123 554 3189 Hesiodi
586 3127 714 3190 nomine
746 3126 877 3212 signatis
914 3145 1080 3190 commune
1108 3123 1266 3197 haberent

254 3227 316 3291 nisi
337 3226 487 3291 formidas
507 3227 669 3313 quasdam*
694 3238 725 3293 et
746 3227 903 3294 vocabula
929 3249 1034 3314 neque
1060 3225 1115 3292 alii
1143 3226 1274 3290 inveni.

253 3339 364 3396 rentur
384 3331 447 3397 loci
468 3331 628 3419 paralleli,
659 3341 754 3420 atque
783 3333 839 3398 ubi
862 3331 1018 3418 elegantia
1048 3339 1102 3395 aut
1122 3332 1265 3416 gravitas

203 3483 205 3486 -
253 3435 387 3521 alicujus
412 3437 586 3502 sententiae
628 3436 720 3503 facile
751 3438 950 3504 occasionem
992 3433 1138 3500 imitandi
1166 3433 1266 3518 dedit,

254 3560 318 3603 non
340 3536 556 3605 dubitaremus
577 3539 633 3605 illa
653 3540 748 3607 alicui
780 3549 893 3629 poetae
923 3538 1065 3626 ejusdem
1093 3546 1198 3602 sectae
1227 3561 1267 3604 ac

176 3630 181 3643 ⁸
255 3641 441 3728 disciplinae
462 3641 655 3709 adscribere.
698 3642 764 3721 Sed
785 3642 883 3708 multo
905 3643 1021 3730 magis,
1049 3662 1144 3729 quam
1170 3643 1267 3706 inter·
1322 3645 1324 3651 '

254 3754 365 3832 pretes
382 3746 486 3812 adhuc
515 3747 775 3814 animadvertisse
796 3747 961 3831 videntur,
995 3747 1167 3834 praecipue
1199 3769 1267 3813 oar-

208 3929 210 3932 *
252 3873 326 3915 men
349 3850 389 3916 de
411 3851 567 3917 aetatibus
588 3853 700 3919 mundi
722 3876 794 3918 oum
816 3852 1002 3938 Theogonia
1023 3852 1056 3914 in
1071 3852 1266 3939 proprietate

254 3953 318 4019 stili
339 3955 441 4041 iisque
463 3954 541 4019 locis
563 3947 730 4042 consentit,
751 3958 806 4044 qui
828 3965 859 4022 et
880 3956 993 4021 remoti
1015 3952 1056 4018 ab
1079 3954 1177 4020 oculis
1198 3957 1268 4022 imi·
1364 4008 1368 4020 .

254 4058 392 4122 tatorum
414 4067 446 4122 et
467 4059 565 4157 ipsius
587 4052 701 4145 poetae
724 4083 854 4125 manum
877 4057 1055 4130 indicantes
1076 4055 1153 4120 nihil
1175 4059 1268 4124 nobis

254 4162 369 4249 reliqui
391 4163 522 4246 faciant,
551 4163 612 4227 nisi
640 4171 676 4228 ut
705 4164 746 4230 ab
769 4185 831 4229 uno
853 4170 981 4228 auctore
1009 4168 1178 4248 utrumque
1201 4184 1268 4228 oar-
