2864 5114
649 484 691 548 55

162 662 232 717 arte
261 653 448 718 brevissime
483 654 576 745 simul
609 664 640 719 et
671 657 921 742 ingeniosissime
954 656 1176 740 adumbrandi,

163 784 244 849 quae
276 761 409 828 multum
446 762 536 827 abest
571 786 590 827 a
623 763 807 829 charactere
837 763 891 829 illo
921 763 1084 829 Hesiodea
1111 762 1195 826 κατ’.

163 865 286 947 ὄνομα,
310 864 530 951 Theogoniam
552 864 906 954 ScutumqueHerculis
928 865 1021 953 longe
1038 877 1175 954 superat.

226 969 354 1035 Etemm
385 991 640 1056 unamquamque
668 979 808 1036 aetatum
840 979 975 1057 quatum·
1000 973 1175 1058 primarum

162 1072 277 1138 leviter
304 1081 427 1137 tantum
455 1075 645 1161 perstrinxit
672 1097 731 1140 nec
758 1072 828 1139 fere
847 1075 909 1138 nisi
931 1074 1069 1140 colorem
1090 1077 1175 1142 vitae

162 1175 371 1262 principalem
393 1199 430 1241 ac
452 1176 667 1244 dominantem
689 1178 846 1261 induxit,
862 1176 896 1240 in
924 1199 986 1263 quo
1008 1199 1075 1242 una.
1092 1175 1174 1239 ratio

157 1280 314 1366 justitiae,
344 1302 439 1366 quam
464 1282 547 1346 inter
564 1305 597 1347 se
620 1283 828 1364 exercebant,
858 1281 1027 1347 observata
1052 1278 1175 1362 (Ranke

158 1383 228 1450 'hes
254 1383 300 1450 St.
327 1407 357 1470 p.
379 1385 453 1465 32),
487 1385 574 1451 nulla
607 1395 714 1452 tamen
747 1387 904 1451 sententia
935 1385 1073 1470 repetita
1112 1392 1176 1448 est:

162 1510 260 1574 quum
289 1487 407 1555 Aratus
438 1497 469 1553 et
501 1489 637 1555 Ovidius
667 1487 778 1555 eadem
807 1489 874 1553 fere
903 1490 937 1553 in
966 1485 1177 1552 describenda

162 1602 266 1658 aetate
288 1615 387 1658 aurea
407 1615 471 1658 non
493 1594 606 1676 titisse,
636 1596 670 1658 in
697 1594 803 1658 ferrea
828 1590 1051 1656 adumbranda
1079 1591 1175 1656 fuisse
1279 1651 1283 1655 ,

161 1708 299 1764 narrent.
341 1699 499 1786 Properat
521 1693 621 1765 oratio
642 1699 685 1763 ad
706 1707 844 1764 aetatem
862 1698 1013 1783 quintam,
1035 1694 1069 1757 in
1085 1695 1175 1780 cujus

110 1793 121 1803 ⁴
161 1804 319 1888 pravitate
338 1804 483 1889 opposita
505 1802 647 1867 moribus
669 1803 813 1888 priorum
833 1801 973 1864 maxime
996 1797 1108 1862 aetatis
1121 1796 1173 1860 he-

95 1962 107 1976 .
151 1910 266 1974 micae
288 1909 391 1994 (cujus
414 1917 461 1973 est
482 1907 630 1978 laudator
651 1906 704 1971 vel
725 1908 887 1989 Homero,
916 1906 944 1969 si
964 1911 1085 1990 potest,
1113 1902 1174 1966 ser-

159 2009 265 2075 vidior
287 2011 326 2075 cf.
349 2010 385 2077 O.
400 2011 625 2076 Mermann.
647 2011 681 2073 in
697 1997 871 2074 Vcrhandl.
895 2007 927 2072 d.
949 2006 1068 2071 dritten
1078 2004 1173 2068 Phil.-

160 2099 349 2179 Versamml
377 2138 407 2201 p.
431 2114 483 2198 66)
513 2115 700 2201 primarium
728 2114 869 2192 universi
897 2113 1046 2177 carminis
1073 2110 1174 2175 consi-

160 2214 239 2280 lium
259 2226 412 2283 versatur.
457 2219 569 2305 Neque
590 2239 669 2308 vero
697 2217 733 2281 id
754 2217 920 2282 eonsilium
942 2215 1082 2281 ethicum
1102 2235 1173 2278 nar-

160 2321 277 2386 rationi
305 2319 484 2389 sabularum
514 2330 638 2386 tantum
669 2320 825 2404 detraxit,
855 2330 896 2388 ut
921 2342 985 2385 non
1007 2317 1172 2383 etaetatis

159 2422 318 2489 secundae
339 2427 516 2511 tertiaeque
537 2423 740 2490 adumbratio
762 2447 876 2512 parum
897 2423 994 2488 faciat
1016 2421 1172 2486 adfinem
1293 2432 1295 2441 '

159 2528 370 2617 principalem
391 2538 422 2594 et
433 2553 485 2594 vv.
498 2530 620 2635 1414?
643 2529 684 2593 de
705 2528 885 2594 hominibus
906 2520 1018 2591 aetatis
1042 2525 1172 2590 alterius

159 2633 376 2699 ad-honcrem
399 2642 521 2698 tantum
544 2655 608 2698 non
630 2633 774 2698 divinum
796 2631 886 2696 elatis
917 2629 969 2694 vel
991 2630 1119 2696 officere
1142 2631 1171 2694 ei

157 2736 340 2827 videantur:
369 2737 484 2824 quibus
511 2737 616 2824 adjice
649 2739 784 2803 otiosum
821 2734 1074 2813 additamentum
1109 2733 1168 2797 151

156 2824 254 2924 pelag
283 2839 313 2903 d⁰
339 2837 396 2902 oria
425 2839 494 2902 ἔσκε
523 2839 657 2927 σίδηρος.
714 2841 778 2908 Sed
809 2859 1000 2928 quamquam
1031 2838 1170 2902 rationes
1298 2885 1305 2892 .

157 2926 391 3032 mythologicac
414 2967 487 3009 cum
510 2945 621 3010 ethicis
642 2968 706 3011 non
723 2945 798 3010 satis
814 2949 1009 3028 exaequatae
1024 2950 1115 3028 sunt.
1126 2948 1170 3003 ta-

157 3035 232 3115 men
253 3047 340 3113 nulla
360 3046 540 3113 invenietur
561 3071 677 3133 causa,
712 3057 748 3112 ut
775 3069 903 3112 carmen
931 3046 965 3109 in
992 3043 1169 3130 fragmenta

157 3146 317 3241 quaedam
337 3151 420 3215 male
442 3150 658 3238 conglutinata
680 3151 849 3216 divellatur
869 3172 940 3214 cum
955 3147 1088 3212 Lehrsic
1111 3145 1167 3226 (ll.

155 3244 187 3343 p.
197 3254 377 3344 231-37):
400 3257 489 3343 cujus
511 3256 761 3321 dubitationibus
775 3255 991 3321 Schdmannus
1014 3249 1047 3337 (l.
1060 3251 1079 3315 l.
1089 3274 1119 3338 p.
1130 3252 1164 3332 4)

156 3368 189 3423 et
209 3358 412 3425 Vollbehrius
435 3357 468 3445 (l.
490 3359 561 3447 lp.
583 3360 659 3425 40-
669 3360 725 3441 47)
749 3360 831 3425 bene
853 3357 1066 3425 occurrerunt.
1100 3390 1102 3394 >

220 3470 442 3536 Exordiuntur
461 3494 591 3536 carmen
611 3493 721 3537 versus
745 3471 852 3536 dulces
874 3492 912 3534 ac
930 3471 1032 3534 teneri
1051 3466 1094 3534 de
1116 3493 1166 3535 ae-

155 3583 222 3640 tate
243 3597 340 3641 aurea
362 3573 415 3661 (cf.
439 3575 684 3662 descriptionem
704 3575 826 3640 insulae
841 3574 953 3660 Syriae
968 3573 1165 3657 0406-11),

136 3689 377 3766 “quae-'expers
400 3679 561 3744 malorum
583 3681 723 3744 omnium
738 3677 925 3760 (lm-³16),
946 3686 1100 3764 perpetua
1115 3677 1167 3763 ju·
1216 3670 1221 3677 ’

154 3791 285 3848 veutute
308 3780 468 3869 (11415),
491 3782 689 3864 abundantia,
707 3784 846 3848 omnium
868 3803 976 3845 rerum
999 3791 1030 3845 et
1050 3781 1166 3844 securi-

153 3896 219 3979 tate
243 3887 414 3970 illd-*iffi
428 3888 600 3973 fruebatur,
622 3898 728 3953 amata
742 3911 761 3952 a
777 3887 846 3968 diis,
861 3888 915 3973 qui
932 3907 1002 3951 eam
1015 3886 1164 3950 societate

105 4024 110 4036 ·
153 4013 211 4056 sua
226 3990 354 4075 dignam
370 3991 549 4057 habuerunt
565 3990 643 4072 (120
659 4001 690 4057 et
707 3991 770 4057 duo
782 4014 833 4055 vv.
847 4015 867 4055 a
883 3989 1023 4078 Spohnio
1038 3997 1069 4052 ct
1080 3988 1164 4054 Voll-

153 4094 265 4163 behrio
280 4095 426 4184 recepti).
454 4098 493 4162 In
506 4097 568 4163 hae
582 4120 722 4163 summae
737 4095 942 4162 beatitudinis
957 4095 1095 4178 imagine
1112 4093 1163 4157 vel

152 4201 312 4266 lenissima
318 4204 574 4268 commemoratio
581 4201 718 4285 sceleris,
731 4202 854 4267 etiamsi
862 4200 899 4266 id
912 4197 1162 4291 tantumldictum
1240 4243 1242 4246 ι

155 4314 237 4370 esset
259 4304 360 4369 scelus
381 4305 521 4372 nondum
541 4307 653 4390 fuisse,
675 4307 798 4391 animos
816 4304 989 4391 legentium
1003 4301 1162 4391 offendere
