2864 5114
751 393 754 410 ⁴
870 440 912 503 ee

385 613 512 680 diversa
533 612 714 700 praediouri
735 621 905 698 nequeunt.
951 611 1103 696 ,Denique
1126 611 1250 676 etiamsi
1273 611 1400 676 diversa

386 728 509 804 essent,
539 729 626 783 certe
655 723 714 782 dee
739 719 818 802 Δίκη
850 739 914 783 non
949 724 1074 802 poterat
1103 725 1225 781 tantum
1253 717 1303 781 his
1330 738 1400 780 ver·

384 827 435 893 bis
450 824 470 909 ἢ
484 823 535 901 δέ,
558 847 640 911 quae
657 823 838 889 referuntur
853 821 896 888 ed
917 824 1022 908 ipsum
1043 821 1253 904 abstractim,
1282 822 1330 887 illi
1344 844 1400 888 no

383 931 461 994 mini
483 929 642 994 abstracto
664 931 786 1009 opponi.
815 927 918 991 Porro
932 924 1017 1011 quod
1028 923 1130 1010 ῥόθος
1139 925 1315 1000 seeundum
1326 926 1400 991 Plu·

383 1032 528 1098 tarchum
547 1055 597 1118 ap.
618 1031 711 1096 Pron.
733 1031 965 1117 significatione
987 1031 1124 1096 Boeotis
1151 1031 1282 1117 propria
1310 1030 1399 1099 adhi-

383 1136 469 1201 bitus
499 1145 562 1212 est,
596 1136 638 1201 sit
657 1134 734 1199 lieet
754 1157 884 1218 verum,
913 1133 992 1199 nihil
1016 1132 1060 1198 ad
1089 1133 1305 1199 defensionem
1329 1133 1400 1198 σοι(

383 1261 475 1304 suum
484 1238 578 1303 valet
622 1239 696 1303 Non
717 1240 803 1302 enim
814 1260 943 1302 neeesse
958 1247 1006 1301 est
1019 1237 1281 1324 interpolatorum
1298 1239 1398 1303 nemi-

382 1364 457 1407 nem
474 1341 570 1406 firiese
590 1342 756 1409 Boeotum.
854 1346 860 1358 '

447 1445 510 1511 Vv.
531 1446 604 1509 219.
626 1438 689 1510 222
699 1467 768 1532 sqq.
789 1446 1020 1533 expositionem
1041 1443 1125 1508 illius
1154 1441 1238 1526 δίκη
1261 1442 1294 1506 δ’
1316 1443 1397 1528 ὑπὲρ

259 1571 262 1577 ·
382 1553 522 1642 ὕβριος
550 1570 618 1613 nra
647 1553 709 1634 ita,
753 1552 922 1638 partitione
956 1547 1093 1636 quadam
1123 1548 1223 1631 faeta,
1254 1549 1396 1614 institue·

383 1665 472 1736 runt,
495 1664 529 1719 ut
548 1654 652 1741 primo
674 1676 770 1719 versu
790 1654 934 1721 breviter
955 1661 1105 1739 ageretur
1120 1650 1161 1716 de
1181 1652 1230 1734 iis,
1252 1651 1295 1716 ad
1316 1673 1396 1737 quas

383 1758 500 1843 ὕβρις
516 1758 672 1846 perducit,
682 1758 825 1848 erebrius
835 1757 967 1847 ᾷίκρσικ,
979 1757 1096 1825 deinde
1106 1756 1148 1822 ad
1165 1754 1396 1844 θηρήσαιο,

382 1863 494 1950 paucis
520 1871 593 1927 ante
616 1862 764 1929 versibus
787 1864 958 1950 nominata,
979 1863 1057 1927 satis
1087 1860 1258 1927 denomtur
1281 1883 1395 1948 prono

383 1962 500 2049 minei
523 1963 580 2048 δέ),
600 1968 797 2050 transiretur,
817 1965 862 2032 ad
881 1966 975 2053 ὕβριν
995 1965 1080 2031 infra
1099 1956 1129 2030 κζ
1147 1965 1210 2030 238
1226 1964 1395 2051 rediretur.

383 2070 428 2134 Et
454 2068 652 2133 sanctissima
686 2068 748 2134 dea
774 2072 853 2155 Ater]
883 2070 981 2156 digna
1008 2069 1069 2135 sub
1097 2070 1200 2134 forma
1231 2068 1395 2134 induoitur

384 2173 529 2239 versibus
551 2173 716 2239 rte-24:
748 2173 847 2240 oeulis
876 2196 941 2239 non
972 2173 1126 2261 adspeeta
1159 2173 1274 2260 impios
1303 2174 1394 2259 quasi

379 2278 501 2361 Ἐρινύς
520 2277 722 2363 persequitur
742 2287 927 2364 certamque
949 2280 988 2343 iis
1000 2287 1097 2365 parat
1107 2279 1291 2365 perniciem
1334 2277 1396 2344 Oui

291 2399 296 2414 ¹
384 2385 454 2449 loeo
471 2383 641 2469 opponitur
654 2393 785 2449 venusta
793 2385 900 2470 imago
908 2383 1068 2448 felicitatis
1082 2404 1201 2460 eorum,
1214 2384 1269 2468 qui
1282 2381 1395 2447 eadem

385 2490 419 2552 iu
432 2507 547 2552 'omnes
561 2486 720 2571 aequitate
741 2496 885 2553 utuntur:
906 2487 941 2551 in
951 2509 1015 2574 qua
1028 2485 1180 2551 felicitato
1194 2485 1395 2550 informanda

385 2590 545 2656 Hesiodus
566 2588 703 2655 libenter
724 2599 965 2674 commoratum*
972 2612 1071 2677 quum
1092 2590 1196 2655 tristia
1216 2589 1271 2654 illa
1284 2592 1395 2677 paueis

384 2695 492 2761 verbis
524 2693 704 2759 absolverit
725 2700 735 2719 ⁴
757 2692 887 2761 Etenim
918 2695 952 2758 in
981 2695 1067 2759 omni
1099 2695 1228 2761 omnino
1256 2695 1417 2758 ear-mines

385 2808 518 2889 apparet
538 2801 661 2863 animus
674 2800 760 2862 mitis
781 2821 819 2863 ae
839 2799 1028 2883 benevolus,
1051 2801 1106 2886 qui
1128 2799 1273 2885 quamvis
1294 2798 1396 2866 laesus

385 2907 426 2969 sit
448 2903 565 2989 injuria
584 2901 753 2984 nobilium,
781 2909 888 2969 tamen
909 2925 1016 2968 aerem
1037 2900 1213 2968 ideismudi
1241 2902 1396 2989 eupidita-

383 3019 449 3075 tem
470 3028 625 3091 nusquam
646 3003 755 3092 prodit
775 3005 831 3087 (ef.
851 3006 965 3074 Ranke
988 3005 1028 3070 de
1050 3005 1111 3092 Op.
1133 3005 1228 3071 etD.
1249 3028 1281 3092 p.
1302 3005 1369 3094 48).

447 3111 607 3197 Repetunt
627 3109 758 3195 quidem
778 3131 929 3174 versuum
950 3110 1100 3174 222-24
1121 3110 1309 3175 sententiam
1333 3109 1394 3179 duo

384 3237 495 3282 versus
524 3213 650 3299 23839
677 3206 1032 3308 magisquebsinculoant
1063 3214 1172 3281 verbis
1199 3216 1311 3300 peusis
1339 3213 1395 3281 sed

385 3320 571 3408 ponderosis
592 3327 657 3390 τοῖς
677 3316 714 3380 δὲ
736 3316 825 3402 δίκην
854 3317 1009 3403 Κρονίδης
1028 3321 1223 3402 montosam
1250 3316 1394 3402 εὐρύοπα

256 3474 268 3487 ,
387 3424 482 3498 Zetis:
512 3445 617 3510 neque
641 3431 749 3486 tamen
775 3432 812 3486 ut
847 3421 1075 3508 supplieiorum
1111 3422 1266 3489 amorium
1295 3425 1394 3492 mina

387 3535 570 3609 annectant,
604 3523 663 3589 sed
683 3535 719 3589 ut
740 3533 933 3612 praeparent
946 3512 1094 3614 judicum
1124 3526 1268 3612 ipsorum
1289 3526 1394 3596 admo

386 3607 786 3714 nitioneni'gravissimam.
845 3629 968 3694 Verum
994 3629 1041 3693 illi
1063 3628 1127 3693 duo
1155 3649 1266 3693 versus
1293 3637 1394 3715 poste

387 3734 525 3800 rioribus
543 3756 609 3798 non
629 3732 830 3797 sufficiebant
849 3736 957 3822 itaque
979 3735 1195 3800 exornationis
1216 3755 1316 3802 muna
1343 3735 1395 3807 adr

387 3839 445 3903 diti
466 3859 517 3900 vv.
539 3837 602 3900 240
646 3837 687 3903 47
707 3839 798 3922 (quos
819 3840 916 3903 etiam
937 3839 1049 3903 Lehrs.
1070 3838 1111 3902 ab
1134 3839 1395 3907 antecedentibus

385 3938 547 4029 separavit
566 3938 585 4002 l
607 3939 626 4002 l.
647 3963 678 4026 p.
701 3941 788 4021 241).
842 3942 1009 4029 Equibus
1030 3948 1081 4006 vv.
1101 3943 1224 4007 240.41
1257 3945 1395 4032 interpo·

301 4032 304 4043 ’
385 4045 494 4109 latoris
514 4064 643 4106 manum
665 4065 703 4109 eo
724 4043 875 4130 produnt,
898 4044 984 4132 quod
1005 4039 1200 4132 praegressis
1230 4048 1317 4115 male
1343 4072 1395 4137 op

386 4150 514 4235 ponitur
535 4144 673 4210 πολλάκι
704 4153 771 4210 καὶ
791 4149 970 4230 ξύμπασα
998 4147 1118 4223 πόλις
1136 4155 1248 4214 ’κακοῦ
1278 4150 1397 4238 ἀνδρὸς

387 4251 528 4337 ἀπηύρα.
571 4250 663 4331 Quae
683 4250 784 4316 verba
805 4275 869 4317 non
890 4251 953 4326 alia
965 4255 1087 4319 ratione
1104 4255 1311 4340 interpretari
1319 4257 1396 4326 lieet
