2864 5114
633 536 670 600 11

131 708 298 809 *cernendi
327 719 400 775 sunt
430 710 547 793 fontes,
577 711 661 776 unde
684 712 785 777 omnis
808 710 952 799 Operum
974 723 1006 778 et
1027 714 1163 780 Dierum

61 890 64 895 ἱ
145 809 346 897 interpolatio
369 814 518 877 manavit.

139 901 142 907 ¹
211 915 237 979 I.
259 916 435 1003 Longiores
457 927 543 983 certe
564 916 627 982 loci
648 916 682 981 in
698 937 828 981 carmen
848 927 958 983 notum
980 928 1074 1006 atque
1102 918 1168 985 vul.
1195 932 1208 949 ⁵

147 1028 255 1103 gatum
277 1025 418 1108 irrepere
441 1044 505 1088 non
525 1028 697 1110 potuerunt
710 1020 772 1085 nisi
784 1042 823 1086 eo
835 1030 987 1109 tempore,
1011 1046 1073 1110 quo
1092 1045 1170 1090 non·-
1204 1064 1209 1079 ·

149 1121 225 1187 dum
248 1134 317 1189 erat
337 1127 371 1190 in
392 1126 539 1192 manibus
560 1122 719 1211 omnium.
763 1129 875 1214 Neque
904 1132 987 1192 enim
1013 1131 1039 1192 si
1062 1130 1168 1216 capita
1201 1164 1205 1171 ·
1267 1116 1270 1127 ’

148 1230 274 1313 integra
286 1230 442 1296 Pisistrati
454 1232 582 1297 demum
594 1236 697 1295 aetate
708 1229 760 1294 vel
774 1241 846 1318 post
859 1231 949 1297 illum
960 1256 1033 1299 cum
1046 1233 1166 1321 reliquo

150 1333 290 1396 carmine
306 1335 475 1421 conjrmcta
490 1342 603 1415 essent,
625 1342 680 1397 aut
701 1332 743 1397 ab
758 1334 944 1421 aequalibus
960 1337 1099 1421 genuina
1113 1337 1168 1402 ha·

151 1433 218 1499 bita
230 1446 343 1522 essent,
357 1448 413 1506 aut
427 1463 447 1505 a
460 1438 691 1527 posterioribus
705 1439 746 1504 de
756 1438 817 1503 hac
828 1441 1070 1528 interpolatione
1079 1466 1168 1530 pror·

122 1612 125 1616 ,
151 1564 204 1606 sus
219 1551 380 1610 taceretur
401 1544 452 1631 (cf
468 1546 607 1611 Nitasch.
629 1546 707 1611 erkl.
721 1545 816 1611 Anm
837 1569 863 1609 z.
876 1546 937 1613 Od.
953 1548 1014 1612 IH.
1035 1572 1065 1635 p.
1080 1546 1166 1641 339).

152 1646 236 1711 Nam
254 1648 289 1713 id
310 1651 414 1736 ipsum
437 1652 524 1739 quod
541 1653 610 1738 jam
632 1650 861 1716 Alexandrinis
882 1654 983 1717 omnis
1009 1653 1076 1717 fere
1105 1676 1170 1718 me-

151 1755 253 1818 moria
285 1755 538 1842 interpolationis
572 1756 741 1822 obscurata
772 1764 841 1820 erat
871 1765 966 1842 atque
995 1765 1170 1822 evanuerat

152 1856 300 1943 quodque
322 1860 532 1947 antiquissimi
561 1868 673 1942 testes,
700 1867 736 1923 ut
757 1857 938 1924 Simonides
963 1858 1170 1946 Amorginus,

153 1984 195 2025 ex
216 1958 294 2049 ipsis
316 1964 474 2050 capitibus
495 1965 650 2050 suspectis
666 1965 836 2029 sententias
858 1962 1029 2028 imitandas
1046 1964 1171 2051 delege-

151 2075 237 2149 rtmt,
268 2067 303 2131 id
333 2068 462 2133 demum
491 2069 723 2155 interpositioni
752 2077 890 2133 totorum
912 2070 1052 2155 capitum
1072 2071 1170 2135 fidem

153 2168 237 2232 facit.
288 2169 370 2236 Erat
398 2192 437 2235 ea
459 2171 624 2259 expedita,
657 2193 754 2258 quum
781 2193 909 2235 carmen
931 2173 1071 2258 primum
1091 2173 1171 2238 fines
1207 2180 1211 2185 ’

153 2273 308 2358 regionis,
339 2274 395 2340 ubi
416 2284 518 2342 ortum
542 2290 627 2360 erat,
660 2277 884 2363 egrederetur,
916 2299 1020 2364 neque
1048 2302 1068 2343 a
1097 2303 1171 2366 quo—

154 2399 249 2462 quam
281 2379 440 2464 proficisci
471 2390 596 2467 poterat
625 2383 687 2446 nisi
722 2382 763 2447 ab
791 2382 869 2469 ipsis
896 2384 1172 2470 propagatoribus,

152 2483 255 2568 poetis
277 2482 350 2548 dico
373 2486 472 2571 epicis
501 2495 534 2550 et
563 2489 736 2567 rhapsodis.
787 2485 833 2551 Ut
855 2483 1034 2551 Simonides
1059 2487 1173 2554 Amor·

153 2587 260 2672 ginus,
281 2587 467 2655 Archilochi
488 2590 647 2677 aequalis,
671 2591 741 2676 jam
767 2591 873 2654 omnia
905 2593 1011 2677 capita
1031 2594 1172 2658 noverit:

156 2700 263 2755 tamen
294 2693 378 2758 inter
406 2694 587 2759 Hesiodum
614 2704 646 2759 et
673 2693 903 2765 Archilochum
931 2694 983 2759 vel
1013 2697 1173 2763 Herodoti

155 2793 211 2881 (II,
233 2797 290 2880 53)
312 2799 468 2863 sententia
489 2807 616 2864 centnm
638 2800 714 2863 anni
723 2799 932 2864 transierant:
955 2819 1016 2886 quo
1029 2809 1172 2888 tempore

154 2910 307 2987 quantum
326 2924 470 2967 crescere
492 2905 595 2991 potuit
616 2904 765 2969 carminis
785 2902 964 2989 longitudo!

222 3006 250 3068 1.
293 3006 513 3092 Epigonorum
546 3016 656 3072 cantus
691 3006 775 3093 epici
811 3016 905 3093 atque
942 3007 1173 3094 rhapsodorum

157 3131 286 3195 operam
308 3111 342 3173 in
364 3132 402 3175 eo
428 3112 567 3175 maxime
589 3119 748 3175 versatam
771 3133 839 3176 esse
866 3120 1004 3195 constat,
1034 3121 1070 3177 ut
1091 3134 1174 3199 quae

154 3215 268 3281 heroes
288 3215 343 3298 illi,
366 3217 495 3303 opifices
516 3217 621 3304 poesis
638 3216 793 3300 Graecae,
807 3216 917 3282 divino
939 3216 1039 3281 afflati
1061 3219 1175 3305 spiritu

156 3329 386 3408 procreassent,
400 3322 461 3409 ipsi
479 3321 584 3387 studio
598 3320 709 3386 sedulo
724 3322 960 3407 conjungerent,
983 3320 1175 3408 supplerent,

157 3436 359 3493 exornarent
401 3427 530 3492 Etenim
547 3428 614 3492 sive
628 3425 823 3512 singulorum
844 3433 1011 3512 poetarum
1033 3449 1111 3513 opus
1128 3437 1176 3490 est

157 3543 191 3598 et
210 3532 322 3599 Iliadis
344 3543 376 3598 et
398 3533 563 3620 Odysseae
583 3555 659 3620 pars
687 3532 802 3619 major,
839 3531 906 3595 sive
926 3530 1027 3596 breve
1047 3553 1175 3595 carmen

159 3637 285 3703 illorum
306 3637 532 3703 additamentis
554 3635 652 3722 largis
673 3636 707 3700 in
728 3644 850 3701 vastam
857 3650 874 3717 ,'
897 3656 979 3721 quae
1005 3657 1090 3699 nunc
1119 3644 1175 3715 ost,

159 3743 276 3810 molem
305 3744 458 3808 accrevit:
490 3742 551 3807 hoc
588 3749 710 3806 certum
740 3750 787 3806 est
814 3739 1047 3827 rhapsodorum
1079 3762 1176 3805 manu

115 3916 119 3925 ,
159 3872 223 3914 non
244 3872 364 3936 paucas
386 3851 581 3918 narrationes
604 3847 757 3928 loupiores
780 3848 972 3929 aequaeuam
985 3846 1176 3927 quusiepyl-

159 3955 206 4016 'lia
233 3954 359 4038 utrique
388 3952 521 4017 carmini
552 3971 620 4014 esse
648 3951 795 4014 intextas.
838 3948 898 4013 Vel
918 3947 994 4012 inde
1016 3948 1176 4034 suspican-

162 4055 238 4120 dum
260 4065 342 4121 esset
363 4055 432 4121 illos
460 4059 495 4120 in
516 4052 686 4119 Hesiodeis
708 4075 833 4140 quoque
854 4076 918 4119 non
942 4050 1035 4116 aliter
1055 4051 1175 4116 fecisse.

160 4158 306 4245 Namque
342 4160 376 4223 in
405 4159 567 4247 Operibus
596 4166 628 4221 et
658 4156 784 4222 Diebus
818 4179 881 4243 quo
914 4155 1017 4220 rarius
1052 4155 1176 4219 occasio

160 4262 279 4350 epyllia
309 4263 469 4329 inserendi
492 4285 526 4327 se
556 4261 682 4345 obtulit,
711 4284 748 4326 eo
771 4260 917 4349 cupidius
939 4281 1007 4324 esse
1039 4282 1060 4323 a
1084 4257 1178 4346 rhap.

161 4366 247 4431 sodis
280 4374 439 4452 arreptam
476 4373 721 4432 consentaneum
750 4373 804 4430 est.
859 4364 934 4429 Jam
965 4382 1042 4427 vero
1066 4360 1185 4443 undis,
