2864 5114
634 538 671 601 11

133 710 300 811 'remandi
328 721 401 777 aunt
431 712 548 795 fontes,
577 712 662 777 unde
685 713 786 778 omnis
809 711 953 801 Operum
974 723 1006 779 et
1027 715 1164 780 Dierum

61 887 76 899 ‚.
146 812 348 900 interpolatio
370 816 519 880 manavit.

140 904 144 910 ⁵
212 918 238 982 Ι.
260 920 436 1005 Longiores
458 929 544 985 certe
565 917 628 984 loci
649 918 683 981 in
699 939 829 983 carmen
849 928 958 985 notum
980 929 1075 1007 atque
1102 918 1169 985 vul.
1196 932 1209 949 ’

148 1032 257 1106 gutum
278 1028 418 1110 irrepere
443 1047 507 1089 non
527 1030 698 1113 potuerrmt
711 1021 773 1086 nisi
785 1045 823 1088 eo
836 1031 988 1110 ternpore,
1011 1046 1073 1111 quo
1092 1046 1170 1090 non·-
1204 1064 1209 1081 ι

150 1124 227 1190 dum
249 1137 318 1193 erat
338 1129 372 1192 in
393 1129 540 1194 manibus
561 1124 721 1211 omnium.
764 1131 877 1214 Neque
905 1133 987 1193 enim
1013 1131 1040 1193 si
1063 1131 1168 1216 capita
1202 1164 1205 1171 ·
1267 1114 1270 1127 ¹

149 1233 275 1316 integra
287 1233 443 1298 Pisistrati
456 1234 584 1298 demum
595 1236 699 1296 aetate
710 1231 761 1296 vel
776 1242 848 1319 post
861 1233 950 1298 illurn
961 1256 1034 1299 cum
1047 1233 1167 1321 reliquo

151 1335 292 1399 carmine
307 1337 476 1423 conjuncta
492 1343 605 1418 essent,
627 1344 681 1398 aut
703 1332 745 1399 ab
759 1334 946 1422 aequalibus
961 1337 1101 1422 genuina
1114 1336 1169 1403 ha·

152 1437 220 1503 bita
231 1449 344 1524 essent,
358 1450 414 1507 aut
428 1466 448 1507 a
462 1439 693 1531 posterioribus
707 1440 747 1505 de
758 1440 818 1505 hac
829 1442 1071 1528 interpolatione
1081 1466 1170 1532 pror

153 1567 205 1610 sus
221 1554 381 1612 taceretur
403 1546 453 1635 (cf
469 1548 609 1614 liitzsch.
630 1547 709 1612 erld.
722 1547 817 1611 Anm.
839 1547 1015 1613 z.0d.111.
1037 1573 1067 1636 p.
1081 1546 1168 1642 339).

154 1649 238 1715 Nam
255 1651 290 1716 id
312 1654 416 1740 ipsum
439 1654 526 1740 quod
542 1655 612 1739 jam
633 1651 862 1716 Alexandrinis
883 1655 984 1717 omnis
1011 1653 1078 1718 fere
1107 1675 1171 1718 me·

153 1757 255 1821 moria
287 1759 539 1845 interpolationis
574 1758 742 1823 obscurata
774 1764 842 1820 erat
873 1765 968 1842 atque
997 1766 1171 1822 evanuerat

153 1859 302 1948 quodque
324 1863 533 1949 antiquissimi
563 1870 675 1943 testes,
701 1868 737 1924 ut
759 1857 939 1925 Simonides
965 1859 1172 1946 Amorginus,

154 1988 196 2029 ex
217 1960 296 2052 ipsis
317 1967 476 2053 capitibus
497 1965 651 2052 suspectis
667 1964 838 2029 sententias
860 1962 1030 2028 imitandas
1047 1965 1171 2050 delege-

153 2078 239 2153 nmt,
270 2069 305 2134 id
335 2070 463 2135 demum
493 2070 724 2157 interpositioni
754 2078 892 2134 totorum
914 2070 1054 2156 capitum
1074 2070 1171 2134 fidem

154 2171 239 2235 facit.
289 2171 371 2237 Erat
400 2195 438 2237 ea
460 2172 625 2260 expedita,
659 2194 756 2258 quum
783 2194 912 2237 carmen
933 2173 1072 2258 primurn
1093 2173 1172 2237 fines

155 2276 310 2360 regionis,
340 2277 397 2342 ubi
417 2287 521 2343 crtum
544 2291 629 2361 erat,
663 2278 886 2364 egrederetur,
918 2300 1022 2364 neque
1050 2301 1069 2343 a
1098 2301 1173 2365 quo-

156 2401 251 2464 quam
283 2382 442 2466 proficisoi
473 2392 598 2470 poterat
628 2384 689 2447 nisi
724 2382 765 2447 ab
794 2383 871 2468 ipsis
899 2383 1174 2470 propagatoribus,

154 2485 258 2570 poetis
279 2483 352 2550 dico
375 2487 474 2573 epicis
504 2496 536 2552 et
566 2490 739 2568 rbapsodis.
790 2485 835 2551 Ut
857 2483 1036 2551 Simonides
1061 2488 1174 2554 Amor-

155 2590 262 2674 ginus,
284 2589 470 2658 Archilochi
490 2591 649 2678 aequalis,
673 2592 744 2678 jam
770 2591 876 2655 omnia
908 2593 1014 2676 capita
1033 2594 1174 2659 noverit:

158 2703 266 2759 tamen
297 2696 380 2760 inter
410 2696 589 2761 Hesiodum
617 2704 649 2760 et
676 2693 905 2765 Archilochum
933 2695 985 2760 vel
1016 2697 1175 2763 Herodoti

157 2796 214 2884 (H,
236 2800 292 2882 53)
315 2802 471 2865 sententia
492 2809 618 2867 centum
640 2801 715 2866 anni
726 2799 934 2864 transierant:
957 2819 1019 2886 quo
1032 2809 1175 2888 tempore

157 2913 310 2991 quantum
329 2926 472 2969 crescere
494 2907 597 2992 potuit
618 2905 767 2970 carminis
788 2903 966 2989 longitudo!

225 3008 252 3071 1.
295 3007 515 3094 Epigonorum
548 3016 658 3073 cantus
694 3008 778 3094 epici
813 3016 908 3093 atque
945 3006 1176 3094 rhapsodorum

158 3134 288 3198 operam
311 3113 345 3176 in
367 3134 405 3177 eo
431 3113 570 3177 maxime
591 3120 751 3176 versatam
774 3133 842 3176 esse
869 3120 1007 3195 constat,
1037 3121 1072 3176 ut
1094 3135 1176 3198 quae

156 3219 270 3284 heroes
291 3217 346 3300 illi,
369 3219 498 3307 opifices
519 3219 624 3305 poesis
641 3217 796 3301 Graecae,
810 3216 919 3283 divino
942 3215 1042 3281 afflati
1063 3218 1177 3303 spiritu

158 3332 389 3411 procreassent,
402 3325 464 3411 ipsi
482 3323 587 3388 studio
601 3321 711 3387 sedulo
727 3323 963 3408 conjungerent,
985 3320 1177 3408 supplerent,

160 3438 362 3495 exornarent.
405 3430 533 3495 Etenim
549 3430 617 3494 sive
630 3426 826 3514 singulorum
847 3433 1013 3513 poetarum
1036 3448 1114 3512 opus
1131 3436 1179 3490 est

160 3545 193 3601 et
213 3535 325 3601 lliadis
347 3545 379 3600 et
401 3535 565 3622 Odysseae
586 3556 661 3621 pars
690 3535 805 3620 major,
841 3532 909 3596 sive
930 3530 1030 3597 breve
1050 3552 1179 3594 carmen

162 3639 288 3705 illorum
309 3639 536 3705 additamentis
556 3637 655 3723 largis
676 3639 710 3702 in
730 3645 853 3702 vastam
860 3652 877 3718 ,⁹
901 3657 982 3720 quae
1009 3657 1093 3699 nunc
1122 3642 1179 3714 est,

162 3747 279 3812 molem
309 3746 462 3810 accrevit:
494 3743 555 3807 hoo
590 3751 713 3807 certum
743 3750 790 3807 est
817 3738 1050 3827 rhapsodorum
1082 3761 1179 3803 manu

118 3919 122 3929 ,
161 3875 226 3918 non
247 3875 367 3940 paucas
389 3853 584 3914 narrationes
606 3849 760 3930 turpiores
783 3849 975 3931 etquaedom
988 3846 1179 3927 quaaiepyl-

162 3958 209 4019 'tio
237 3957 363 4042 utrique
391 3953 524 4019 carmini
556 3971 623 4015 essa
651 3952 798 4015 intextas.
841 3949 901 4015 Vel
922 3947 997 4013 inde
1019 3948 1179 4035 suspican-

165 4058 241 4123 dum
263 4068 345 4123 esset
366 4057 435 4122 illos
464 4060 498 4120 in
520 4053 689 4119 Hesiodeis
711 4076 837 4140 quoquo
858 4076 922 4119 non
946 4051 1038 4117 aliter
1059 4052 1179 4116 fecisse.

163 4161 309 4248 Namque
346 4162 379 4225 in
409 4160 570 4247 Operibus
600 4166 631 4223 et
662 4158 787 4222 Diebus
823 4180 885 4244 quo
917 4157 1020 4221 rarius
1056 4155 1180 4219 occasio

163 4266 282 4354 epyllia
312 4264 473 4330 inserendi
496 4287 529 4329 se
559 4261 685 4346 obtulit,
715 4285 752 4327 eo
774 4261 921 4350 cupidius
943 4281 1010 4325 esse
1042 4282 1064 4323 a
1089 4258 1182 4346 rhap.

125 4410 128 4419 ι
164 4369 250 4435 sodis
283 4377 442 4455 arreptam
480 4374 725 4433 consentaneum
754 4374 808 4431 ost.
863 4366 938 4431 Jam
968 4382 1046 4427 vcro
1070 4361 1189 4445 Iliadis¹
