2864 5114
641 450 790 533 ⁸14

336 618 398 702 Il.¹
423 642 642 701 Diusccuostus
671 639 704 700 in
731 636 865 702 Homeri
887 636 1016 723 quidem
1039 636 1164 702 scholiis
1185 659 1288 724 nequo

273 738 438 824 collegium
461 738 540 803 illud
563 739 719 805 Pisistrati
750 726 972 828 neque'aliud
999 741 1161 808 hominum
1190 764 1290 828 genus

272 850 394 907 certum
425 843 535 908 vocari
565 841 675 908 docuit
703 844 856 910 Lehrsius
889 845 930 910 de
960 844 1058 910 Arist.
1084 845 1165 910 stud.
1195 846 1291 908 Hom.
1327 882 1331 891 ·

273 969 304 1034 p.
322 946 385 1010 349
408 967 475 1032 sqq.
518 945 642 1027 Quodsi
671 966 729 1037 nos
743 958 746 963 '
759 955 867 1014 tamen
895 946 1022 1013 illorum
1047 950 1175 1014 nomine
1197 949 1292 1012 inter·

236 1064 238 1069 '
272 1050 431 1136 polatores
452 1072 473 1114 a
493 1048 661 1135 rhapsodis
681 1048 825 1115 diversos
846 1050 1152 1141 comprehendimus,
1169 1050 1292 1115 duabus

275 1154 371 1218 rebus
393 1154 528 1238 sejuncti
549 1153 640 1219 nohis
663 1176 731 1218 esse
742 1153 908 1219 videntur:
929 1155 1068 1240 primum
1085 1154 1170 1241 quod
1186 1158 1289 1218 aetate

274 1267 347 1323 sunt
368 1257 543 1340 inferiores,
566 1256 683 1321 deinde
707 1279 784 1322 vero
808 1257 894 1344 quod
915 1257 961 1322 illi
980 1257 1162 1324 auditorum
1176 1259 1289 1343 gratia,

273 1362 308 1426 hi
333 1363 367 1426 in
393 1384 485 1426 usum
513 1359 666 1426 lectorum
698 1360 808 1448 Opera
836 1370 868 1426 et
898 1361 979 1426 Dies
1010 1360 1289 1448 interpolaverunt.

273 1467 403 1531 Etenim
432 1465 571 1529 carmine
598 1474 706 1531 nostro
734 1467 768 1529 in
794 1465 1025 1551 rhapsodorum
1054 1489 1108 1531 ore
1132 1467 1222 1553 quasi
1243 1467 1289 1527 vi-

274 1579 368 1635 vente
390 1579 484 1655 atque
514 1591 556 1633 ex
584 1568 648 1633 alia
671 1569 828 1635 Graeciae
845 1553 986 1656 ¹regione
1008 1572 1042 1634 in
1063 1570 1157 1634 aliam
1178 1591 1292 1656 propa·

275 1683 349 1760 gato
370 1673 558 1757 illorumque
580 1680 612 1735 et
633 1671 858 1737 additamentis
888 1682 921 1738 et
941 1674 1129 1760 corruptelis
1151 1673 1291 1760 aliquan-

273 1788 342 1844 tum
370 1802 391 1842 a
418 1777 551 1863 pristina
584 1776 686 1841 forma
714 1776 870 1843 abducto:
898 1777 969 1842 fieri
990 1801 1053 1843 non
1075 1778 1192 1865 potuit,
1215 1781 1293 1864 quin

274 1883 403 1948 tandem
423 1891 515 1946 textu
535 1883 699 1968 recognito
731 1883 918 1976 mendisque
940 1881 1141 1970 gravissimis·
1156 1894 1292 1972 purgato

275 2009 353 2074 opus
386 1993 475 2048 esset.
524 1984 577 2049 De
608 1993 751 2072 tempore
782 1988 851 2072 ejus
883 1988 1075 2053 recensionis
1103 1986 1164 2052 hoc
1193 2010 1294 2052 unum

275 2087 468 2154 contendere
496 2089 612 2152 ausim:
643 2088 721 2152 nihil
747 2091 890 2170 omnino,
920 2091 947 2155 si
976 2113 1084 2155 omnes
1105 2113 1216 2155 versus
1247 2090 1293 2154 di·
1355 2112 1358 2117 ·

275 2193 411 2278 ligenter
429 2192 586 2273 excutias,
612 2214 716 2277 neque
739 2216 756 2256 e
778 2192 886 2258 verbis
909 2215 1013 2281 neque
1035 2216 1077 2258 ex
1107 2194 1203 2259 rebus
1221 2218 1295 2281 pro·

276 2297 353 2361 ferri
374 2316 484 2382 posse,
507 2294 592 2380 quod
613 2295 697 2359 infra
719 2294 918 2382 Theognidis
939 2307 1075 2363 aetatem
1095 2322 1214 2385 ponere
1233 2321 1292 2364 nos

277 2425 348 2466 eam
379 2409 479 2486 cogat.
536 2401 622 2466 Num
651 2422 716 2464 una
740 2386 864 2466 tantuin
891 2404 1034 2468 recensio
1064 2413 1137 2468 ante
1167 2405 1294 2468 criticos

276 2505 514 2572 Alexandrinos
545 2506 629 2570 facta
657 2507 697 2572 sit
723 2528 764 2571 au
789 2506 896 2593 plures
929 2508 1126 2595 temporibus
1152 2508 1293 2596 locisque

278 2613 412 2678 diversis
419 2663 428 2696 ,
455 2634 556 2698 aeque
579 2611 748 2678 obscurum
771 2622 837 2677 est:
866 2612 997 2678 etmihi
1020 2613 1149 2700 quidem
1171 2622 1294 2680 constat

277 2722 311 2783 in
332 2741 387 2800 eo,
409 2739 503 2803 quem
524 2739 582 2781 nos
603 2717 776 2800 hahemus,
797 2726 889 2781 textu
910 2719 1130 2782 recensionum
1153 2717 1293 2782 diversa-

277 2846 349 2888 rum
371 2823 507 2907 vestigia
528 2821 614 2885 nulla
634 2822 772 2886 inveniri
795 2822 847 2904 (cf.
869 2823 988 2908 Heyer.
1011 2821 1031 2886 l.
1053 2821 1073 2886 l.
1095 2846 1126 2908 p.
1146 2823 1175 2886 2.
1198 2821 1296 2887 Scho-

277 2950 381 2992 mann.
402 2924 421 2989 l.
443 2924 463 2988 l.
481 2948 513 3011 p.
537 2922 600 3011 10).
642 2926 672 2989 Ii
693 2933 818 3008 autem,
848 2926 902 3011 qui
931 2925 1108 2991 adornandi
1129 2929 1295 3011 negotium

278 3038 499 3118 susceperunt,
530 3036 655 3092 tantum
677 3026 811 3092 aberant
830 3038 866 3092 ut
887 3028 929 3092 ad
951 3038 1054 3094 certas
1077 3029 1230 3115 quasdam
1252 3027 1296 3093 le-

278 3158 335 3221 ges
357 3136 482 3199 criticas
506 3156 637 3219 operam
657 3156 748 3198 suam
772 3133 946 3219 dirigerent
967 3134 1016 3219 (cf.
1038 3133 1230 3218 Bernhardy
1246 3156 1295 3219 gr.

278 3237 485 3304 Lit-Gesch.
506 3237 541 3301 Π
561 3260 592 3322 p.
615 3237 687 3321 70),
715 3247 751 3302 ut
780 3239 841 3325 ipsi
863 3277 902 3285 —
924 3237 1083 3324 longiores
1111 3238 1186 3303 lieet
1206 3237 1296 3303 locos

278 3366 341 3409 non
370 3343 617 3429 interposuerint
644 3380 684 3389 -
720 3351 833 3428 poetae
866 3341 1160 3430 rhapsodorumque
1195 3343 1299 3408 verba

278 3470 342 3513 non
363 3444 464 3510 solum
484 3453 644 3509 mutarent
672 3447 774 3532 (cujus
803 3448 930 3532 generis
950 3469 1049 3512 unum
1076 3446 1168 3511 nobis
1190 3468 1299 3511 exem-

278 3552 366 3641 plum
389 3549 635 3638 deprehendisse
654 3551 816 3617 ¹videmur:
838 3575 867 3616 v.
889 3551 931 3616 ad
953 3574 983 3615 v.
1005 3551 1085 3635 5043
1111 3550 1205 3637 plura
1227 3552 1297 3616 sine

280 3660 378 3725 dubio
399 3659 524 3740 latent),
547 3657 603 3722 sed
626 3659 730 3740 etiarn,
751 3658 807 3724 ubi
829 3657 907 3745 quid
929 3658 968 3721 iis
991 3657 1101 3722 deesse
1124 3655 1298 3741 videretur,

281 3765 323 3830 de
344 3786 401 3830 suo
422 3761 594 3828 adderent:
623 3785 686 3849 qua
717 3764 749 3827 in
772 3785 807 3827 re
829 3765 951 3827 utinam
972 3761 1044 3849 plus
1060 3760 1177 3847 judicii
1200 3769 1298 3846 atque

281 3869 467 3937 eruditionis
497 3867 721 3945 ostendissent!
750 3906 791 3913 —
840 3868 959 3934 Tribus
987 3875 1094 3932 autem
1122 3865 1162 3930 de
1193 3867 1300 3932 causis

282 3994 392 4038 versus
413 3971 454 4037 ab
476 3973 515 4036 iis
537 3980 609 4036 sunt
630 3970 740 4036 additi.

351 4079 378 4142 1.
421 4077 534 4160 Quum,
557 4084 588 4141 et
616 4077 767 4164 episodiis
795 4077 1026 4164 rhapsodorum
1055 4097 1152 4162 opera
1173 4075 1302 4140 insertis

187 4222 209 4247 -.
283 4191 315 4247 et
334 4181 462 4267 ingenio
483 4189 662 4266 temporum
683 4181 847 4268 paullatim
872 4201 1025 4245 converso
1041 4179 1110 4265 jam
1125 4176 1224 4243 multo
1240 4176 1308 4243 dif-

282 4287 396 4351 ficilius
418 4292 585 4350 contextus
606 4286 747 4354 universi
779 4287 927 4351 carminis
946 4308 965 4349 a
987 4282 1158 4348 lectoribus
1178 4283 1302 4369 perspi-
