2864 5114
834 408 876 476 52

286 576 292 592 ⁸
351 592 436 649 certe
458 581 599 664 reflexio,
620 580 647 645 si
669 577 723 645 uti'
737 579 813 643 licet
832 581 931 646 verbo
949 579 1136 661 recentiore,
1155 596 1280 643 omnem
1296 596 1371 663 poe-

351 689 410 752 sim
444 687 635 751 didacticum
666 685 841 769 antecedit3
872 684 930 750 sed
965 704 1128 770 quousque
1162 678 1370 770 progreditur

351 793 483 879 reflexio
504 790 689 855 Hesiodea?
732 789 897 875 Nusquam
919 789 1004 854 ultra
1024 788 1140 853 breves
1159 785 1316 875 qumsdam
1337 794 1371 852 et

353 906 461 961 acutus
481 894 651 958 sententias
682 891 724 957 de
752 891 1040 957 necessitudinibus
1065 891 1153 956 vitae
1180 889 1369 956 communis

351 1001 512 1066 Homerus
528 1019 606 1062 vero
627 996 762 1061 refertus
785 1007 832 1062 est
845 995 1100 1084 profundissimis
1122 995 1371 1083 cogitationibus

355 1103 394 1168 de
416 1103 566 1168 universa
587 1102 655 1165 vita
676 1099 884 1186 omnibusque
913 1101 981 1187 ejus
1012 1099 1125 1166 studiis
1148 1098 1371 1165 stultioribus

356 1218 387 1272 et
407 1204 627 1272 humilioribus
649 1212 681 1267 et
702 1203 975 1290 frequentissimae
997 1204 1085 1290 apud
1108 1227 1181 1270 eum
1200 1213 1274 1269 sunt
1295 1225 1370 1290 que·

356 1311 510 1374 rimoniae
533 1308 573 1373 de
597 1307 734 1373 miseriis
754 1310 882 1393 generis
905 1305 1055 1389 humani,
1084 1310 1118 1373 in
1146 1306 1261 1395 quibus
1282 1304 1372 1372 houd

356 1415 473 1502 injuria
495 1413 583 1478 dicas
603 1413 705 1476 inesse
726 1413 888 1477 tristitiam
906 1411 1099 1477 reflexionis.
1141 1410 1222 1477 Sunt
1239 1410 1372 1497 quidem

357 1517 498 1583 homines
518 1513 660 1580 Hesiodo
682 1537 808 1601 quoque
830 1518 1026 1601 κηρνερεφέες
1049 1514 1152 1602 (418),
1173 1514 1231 1580 sed
1252 1515 1299 1580 ita
1313 1514 1372 1580 uti·

357 1632 409 1686 tur
430 1619 490 1684 hoc
513 1617 668 1707 epitheto,
700 1628 736 1682 ut
768 1617 808 1682 de
838 1640 872 1682 re
902 1627 978 1683 nota
999 1618 1039 1684 ab
1064 1618 1196 1707 aliisque
1217 1617 1296 1682 satis
1318 1617 1373 1683 de·

255 1784 257 1789 ,
357 1729 544 1804 monstrata3
572 1721 641 1808 ipse
676 1719 729 1784 vel
758 1719 870 1785 mortis
898 1720 995 1785 semel
1023 1729 1146 1786 tantum
1177 1721 1372 1787 mentionem

357 1828 433 1892 facit
458 1825 558 1908 (378),
587 1833 697 1912 utpote
724 1827 852 1890 termini
886 1849 906 1890 a
942 1834 1056 1890 natium
1090 1826 1176 1890 vitae
1207 1824 1373 1890 hominum

357 1931 551 2020 praestituti:
572 1939 646 1994 voto
668 1929 788 2014 addito,
810 1941 845 1995 ut
866 1954 962 2018 quam
982 1931 1140 1996 serissime
1162 1931 1297 1995 eveniat.
1328 1928 1375 1996 At

358 2033 474 2122 cupide
496 2042 528 2097 et
548 2031 684 2097 libenter
704 2044 917 2121 commoratur
937 2036 971 2099 in
992 2034 1143 2099 felicitate
1164 2033 1275 2122 populi
1292 2030 1373 2122 justi

361 2139 493 2206 deorum
518 2136 682 2201 beneficiis
708 2141 794 2203 aucti
825 2139 1020 2229 (225-37),
1047 2140 1081 2203 in
1109 2137 1199 2225 largo
1220 2161 1372 2225 agrorum

360 2250 517 2330 proventu
538 2248 570 2302 et
590 2238 776 2305 florentibus
796 2242 891 2307 rebus
913 2243 1092 2309 domesticis
1106 2245 1297 2321 rusticorum
1318 2240 1370 2326 (21
1393 2276 1396 2281 ·

363 2344 457 2407 -24,
480 2341 586 2407 300.1.
609 2341 680 2406 307.
701 2343 831 2409 31213.
851 2346 1010 2411 473-78.
1032 2347 1202 2431 589-91).
1232 2344 1373 2413 Tristem
1399 2341 1404 2349 “

364 2449 476 2536 borum
496 2447 596 2509 vitam
616 2467 654 2509 ac
675 2448 821 2510 tetricam
842 2448 963 2532 videri,
986 2453 1012 2515 si
1035 2474 1107 2516 cum
1129 2452 1196 2516 vita
1217 2448 1373 2518 nobilium

364 2570 545 2638 compares,
575 2547 723 2637 equidem
752 2571 817 2616 non
846 2575 943 2639 nego:
976 2553 1033 2618 sed
1061 2563 1191 2642 propter
1211 2552 1247 2619 id
1267 2557 1374 2643 ipsum

228 2713 230 2716 ,
364 2654 507 2719 homines
534 2650 636 2716 labori
665 2675 721 2719 suo
751 2656 864 2720 intenti
890 2656 948 2721 vix
974 2657 1061 2723 aliud
1083 2657 1257 2744 quidquam
1278 2681 1375 2725 nove·

224 2853 227 2860 Ι
364 2767 445 2824 runt
488 2754 576 2821 Nihil
600 2757 683 2819 enim
704 2759 743 2821 iis
764 2769 812 2824 est
832 2759 972 2825 medium
994 2762 1078 2826 inter
1099 2761 1200 2846 ἔργον,
1223 2761 1311 2850 quod
1330 2760 1376 2828 sd

365 2865 488 2950 copias,
518 2870 550 2924 et
570 2856 717 2959 αἐργίαγ,
753 2857 833 2951 quae
865 2864 908 2930 ad
937 2875 1113 2931 extremam
1135 2867 1276 2952 inopiam
1303 2886 1377 2955 per·

365 2967 462 3031 ducit.
504 2962 612 3043 Quare
634 2966 851 3051 querimoniae
863 2970 903 3032 iis
918 2969 1047 3035 minime
1061 2971 1263 3052 conveniunt,
1283 2992 1377 3058 prse-

365 3071 475 3136 sertim
497 3084 595 3154 quum
615 3069 778 3133 rusticatio
800 3073 833 3135 in
853 3071 987 3136 Boeotia
1007 3094 1070 3137 non
1099 3082 1182 3138 esset
1202 3075 1376 3160 operosior.

367 3176 411 3241 Et
430 3174 457 3237 si
477 3171 604 3236 fuisset:
631 3173 702 3257 quis
715 3183 806 3260 putat
821 3173 987 3259 Samnites,
1008 3185 1044 3242 ut
1057 3177 1117 3242 hoc
1131 3177 1280 3264 exemplo
1292 3187 1376 3265 utor,

367 3275 528 3364 Apennini
559 3273 679 3340 sterilia
702 3279 783 3364 juga
805 3278 956 3360 colentes,
991 3282 1186 3348 carminibus
1214 3279 1378 3351 flebilibus

292 3470 294 3474 Α
369 3381 497 3446 devito
517 3400 575 3444 sua
596 3379 712 3445 misera
735 3392 830 3469 atque
847 3383 966 3448 infelici
987 3407 1055 3449 esse
1076 3385 1285 3452 lamentatos?
1311 3389 1379 3457 He·

368 3508 440 3551 roes
474 3470 603 3572 quidem
616 3483 789 3555 ,Homerici
819 3510 884 3553 non
911 3487 1004 3575 plane
1034 3489 1177 3577 dispares
1206 3489 1378 3577 Sybaritae

236 3582 242 3596 ⁸
369 3591 425 3674 illi,
446 3591 501 3676 qui
521 3589 706 3676 adspectum
726 3593 845 3657 arantis
858 3591 994 3657 tolerare
1008 3595 1146 3681 nequiit3
1170 3604 1203 3658 at
1216 3595 1378 3680 agniculae

370 3693 532 3761 Hesiodeo
552 3716 616 3759 non
636 3693 700 3756 αἰεὶ
720 3692 792 3770 δαίς
812 3720 844 3759 us
864 3696 941 3782 φίλῳ
956 3698 1086 3784 κίθαρίς
1104 3720 1136 3760 τε
1152 3699 1241 3781 χοροί
1257 3720 1299 3782 ss,
1320 3699 1380 3767 sed

369 3800 423 3865 ille
456 3807 579 3863 tantum
612 3821 677 3864 non
712 3803 773 3864 erit
810 3800 995 3877 notatarum
1025 3801 1134 3876 δαιτὸς
1163 3800 1381 3887 δυςπέμφελος

351 3903 475 3990 qm),
491 3903 538 3965 ite
555 3911 663 3968 tamen
684 3914 720 3967 ut
740 3907 879 3971 maxime
901 3915 1024 3993 spectet
1045 3904 1380 3994 consummatum.

431 4008 507 4074 Jom
528 4006 555 4070 si
575 4006 747 4074 Plsnckius
767 4011 888 4095 ingenii
908 4020 1088 4097 temporum
1109 4011 1222 4075 mutati
1238 4032 1314 4077 eme
1334 4021 1382 4081 te·

371 4120 451 4176 stem
471 4109 649 4176 Hesiodum
670 4115 807 4196 censuit,
829 4114 1033 4180 vehementer
1056 4116 1181 4180 erravit.
1225 4114 1272 4180 Ut
1291 4117 1382 4185 vixe—

374 4218 504 4282 ritune
534 4213 587 4278 vel
616 4215 738 4282 duobus
763 4217 897 4285 saecudis
922 4224 993 4305 post
1018 4217 1128 4284 Iliadis
1150 4229 1182 4283 et
1211 4219 1381 4307 Odysseae
