2864 5114
708 376 848 460 15'

213 564 354 631 cerdtur:
389 565 606 632 diasceuastae
644 571 762 654 partim
803 568 845 632 ad
880 545 1117 654 conjungenda,
1151 591 1232 655 quae

207 676 305 758 erant
324 669 392 732 sine
412 670 552 751 vinculo,
579 673 696 757 partim
717 672 759 737 ad
781 670 1052 758 complectendam
1075 696 1230 737 summam

213 777 354 862 capitum
382 775 434 840 vel
441 777 600 874 singulos
628 778 681 842 vel
707 779 814 865 plures
843 798 951 857 persar
973 781 1162 840 connectens
1188 778 1236 840 in·
1349 845 1352 852 ,

212 889 452 966 terposuerrmt:
479 881 591 945 106-
600 882 629 964 8,
652 882 735 964 202,
769 884 841 947 263.
853 882 913 961 64,
935 881 1007 945 381.
1019 881 1076 962 82,
1102 879 1176 943 491.
1182 880 1234 957 92,

160 1040 161 1044 ,
213 984 319 1048 561-
321 984 372 1067 63,
389 984 462 1067 617,
482 985 555 1049 641.
565 985 617 1067 42,
640 985 712 1049 687.
720 931 761 1049 88
776 994 807 1048 11
823 1007 943 1066 versus,
956 929 1076 1069 quibus,
1081 979 1234 1065 ³-Opvrdo

213 1091 346 1171 pavete
368 1035 540 1181 Operibus
556 1096 589 1153 et
610 1089 735 1155 Diebus
756 1110 883 1154 annexa
905 1087 1170 1152 11111826-28.

277 1227 324 1291 Η1
357 1250 468 1292 versus
505 1228 676 1292 connexivi
711 1235 799 1308 sunt,
834 1228 868 1291 in
907 1248 985 1312 quos
1026 1182 1232 1313 reprehensio
1273 1194 1329 1299 ξ’,
1339 1266 1376 1337 t

214 1338 323 1394 nostra
336 1331 477 1396 maxime
496 1331 591 1395 cadit.
627 1330 712 1395 Nam
726 1352 823 1417 quum
837 1331 990 1395 sermonis
1012 1330 1095 1415 epici
1115 1336 1235 1392 tantam
1308 1352 1332 1393 11

216 1432 384 1498 ostendant
405 1435 579 1518 inscitiam,
608 1434 679 1500 ut
669 1442 753 1498 mter
782 1434 960 1520 frequentia
981 1431 1138 1498 vocabula
1158 1432 1237 1496 infe

214 1539 308 1603 rioris
331 1540 444 1603 aetatis
472 1561 513 1606 ne
543 1538 630 1602 vitiis
664 1537 794 1625 quidem
816 1546 947 1603 careant
969 1536 1007 1619 (v.
1030 1535 1073 1601 ad
1094 1560 1123 1601 v.
1146 1537 1235 1620 26311

214 1651 283 1708 tum
312 1643 409 1706 etiam
430 1644 533 1728 magis
568 1643 610 1707 ab
639 1650 707 1707 arte
735 1643 861 1730 poetica
891 1649 963 1706 sunt
990 1641 1113 1706 miselli.
1164 1642 1238 1708 Una

216 1745 323 1832 aliqua
356 1767 399 1809 ex
435 1746 607 1811 tritissimis
649 1744 791 1810 formulis
826 1745 941 1832 epicis,
989 1745 1089 1832 qualis
1119 1756 1167 1812 111
1200 1745 1238 1861 opi

217 1848 247 1915 δ’
272 1849 321 1937 dvi
350 1855 442 1934 φρεσὶ
468 1850 587 1933 ,1111111
623 1853 713 1941 σῇσιν
743 1873 815 1915 cum
841 1849 1005 1915 vocabulis
1036 1828 1237 1916 vibrantibus
1306 1911 1309 1922 ,

198 1955 439 2043 'proximorum
459 1954 603 2021 locorum
624 1954 702 2040 (108
724 1956 816 2028 1111,
839 1953 1012 2037 ἄνθρωποι
1035 1956 1237 2038 1111091ος
1319 2036 1323 2049 .

161 2041 165 2063 ¹
218 2059 282 2123 202
303 2057 503 2140 βασιλεῦσιν,
525 2059 596 2124 263.
619 2058 661 2122 64
682 2056 838 2140 βασιλεῖς,
861 2056 1002 2139 μύθους,
1032 2056 1237 2131 1111111161-
1422 2126 1429 2139 ,

219 2166 299 2242 κῶν,
328 2160 633 2238 salernitanae,
656 2163 768 2249 ἔργον,
793 2163 859 2227 492
880 2161 938 2248 ἔαρ
960 2160 1075 2226 πολιόν
1096 2185 1138 2228 ex
1163 2164 1237 2248 477,

219 2266 337 2353 ὄμβρος
374 2289 416 2331 ex
445 2267 524 2350 4883
557 2267 620 2333 562
649 2267 763 2342 νύκτας
792 2290 835 2332 ex
862 2267 940 2351 5603
971 2267 1044 2332 641.
1067 2267 1110 2331 42
1138 2267 1239 2353 ἔργων

220 2369 365 2457 deotmot,
398 2370 577 2457 novalias,-
610 2373 673 2439 828
703 2373 839 2457 ὄρνιθας
865 2374 994 2468 κρίρων)
1023 2374 1125 2459 iisque
1151 2373 1237 2439 haud

218 2500 292 2543 raro
313 2478 510 2564 ineptissime
530 2479 642 2565 positis
669 2501 825 2566 perquam
845 2478 994 2566 imperite
1023 2479 1239 2565 conglutinata

219 2587 274 2644 111.
316 2580 386 2668 Ipsi
406 2603 516 2644 versus
538 2589 593 2645 aut
614 2580 694 2645 nihil
717 2579 829 2645 dicunt
848 2582 910 2645 nisi
930 2581 1005 2646 hoc:
1033 2582 1119 2666 „fao,
1150 2583 1237 2670 quod

219 2683 325 2761 facere
350 2692 383 2747 te
400 2683 536 2769 jubeo'“,
559 2692 614 2748 aut
634 2684 731 2748 etiam
740 2706 910 2772 perperam
924 2684 1069 2750 indicant
1083 2708 1238 2751 summam
1297 2714 1300 2725 ·

222 2785 479 2852 antecedentium
500 2789 739 2874 sequentiumve
762 2786 801 2871 (v.
822 2786 865 2853 ad
886 2811 916 2852 v.
940 2788 1021 2874 108.)
1079 2792 1082 2796 ’

284 2921 314 2983 2.
358 2919 470 2985 Α11111
496 2944 571 3009 pars
592 2921 844 3008 interpolationis
876 2921 1143 2987 diasceuastarum
1166 2931 1238 2986 sunt

149 3090 158 3108 ,
220 3034 553 3102 amnemamnem,
581 3026 621 3091 iis
642 3025 720 3092 locis
741 3027 893 3114 appositi,
920 3026 977 3091 ubi
1000 3028 1239 3116 qua-sententia

217 3128 305 3214 justo
319 3125 658 3214 breviusapoetaesse
673 3128 818 3195 absoluta
838 3130 1018 3196 videbatur.
1046 3130 1136 3194 Inter
1158 3146 1269 3217 quw-
1282 3184 1316 3241 ⁴

221 3232 349 3296 tametsi
370 3231 463 3296 facile
484 3255 583 3298 unum
605 3234 657 3298 vel
678 3233 813 3298 alterum
834 3233 1065 3322 rhapsodorum
1081 3233 1288 3316 1111111111,-
1305 3254 1314 3267 ·
1369 3240 1382 3267 l

222 3336 321 3402 latere
346 3358 410 3402 non
438 3359 608 3423 negamus,
639 3347 746 3404 tamen
776 3340 983 3405 communitas
1010 3340 1150 3404 omnium
1171 3338 1238 3404 fere
1282 3324 1294 3353 '

223 3444 396 3526 signorum,
419 3463 500 3527 quae
514 3442 655 3507 efficiunt
674 3444 903 3530 proprietatem
919 3465 1069 3507 versuum
1089 3443 1240 3508 connexi-

223 3567 353 3626 vorum,
383 3566 441 3609 nos
472 3543 620 3629 adducit,
648 3554 685 3621 ut
712 3546 770 3611 hos
801 3568 926 3633 quoque
953 3546 1158 3612 diasceuastis
1184 3541 1239 3611 tri-

107 3657 110 3661 '
224 3646 369 3713 buendos
391 3669 459 3711 esse
482 3648 683 3714 arbitremur.

288 3791 413 3856 Horum
447 3790 590 3857 locorum
621 3793 837 3879 longIssimus,
882 3815 932 3856 vv.
963 3778 1026 3857 513
1086 3793 1146 3875 35,
1189 3794 1244 3879 qui
1344 3800 1347 3805 ’
1419 3796 1425 3805 ‘

225 3895 502 3960 adumbrationem
539 3896 653 3962 hiemis
686 3898 832 3985 pluribus
870 3897 1086 3985 persequitur,
1120 3919 1141 3961 a
1176 3919 1243 3962 car-

224 3998 362 4063 minibus
385 3998 617 4086 rhapsodorum
647 4004 834 4090 (praecipue
860 4025 912 4066 vv.
937 4000 1119 4082 646-62)
1151 4001 1244 4066 vehe-

225 4112 348 4168 menter
378 4103 544 4192 discrepat
567 4107 749 4172 inventione
780 4116 811 4172 et
834 4107 1054 4192 conjunctione
1076 4105 1244 4170 sententia·
1298 4188 1303 4197 .

226 4230 298 4271 rum
320 4209 531 4295 ineptissima,
553 4232 669 4295 magna
691 4212 832 4276 inanium
854 4210 1027 4277 verborum
1048 4207 1151 4291 turba,
1174 4229 1243 4285 ora-

1027 4624 1032 4633 “
1094 4634 1097 4641 ’
1184 4626 1344 4715 jetta:
1411 4664 1416 4673 ·
