2864 5114
646 339 666 403 2

155 498 286 566 Wissen
308 496 375 564 rmd
405 495 457 561 die
478 486 637 562 Weisheit
665 494 722 560 des
751 495 1011 582 merkwtirdigen
1032 495 1178 581 Sangus

157 625 215 668 aus
235 602 301 667 ihm
322 601 419 667 selbot
439 600 506 667 und
529 600 630 666 durch
653 601 705 666 die
727 601 956 688 naheliegende
985 602 1051 667 und
1082 601 1177 667 noth-

156 708 300 793 wendige
322 706 560 793 Vergleichung
581 708 640 771 mit
661 705 724 770 den
744 705 966 771 homerischen
989 705 1177 772 Gedichten

155 834 196 875 zu
217 810 407 877 entwickeln
427 809 494 875 und
515 810 574 875 auf
590 809 713 874 sichere
736 806 1012 896 Gesichtspunkte'
1036 807 1178 893 zuriick-

155 914 310 980 nuffllrren
331 913 554 1000 getrachtet?⁴‘
574 913 627 978 vel
641 913 737 979 hodie
752 936 816 979 non
837 916 960 980 minore
975 937 1077 1001 paene
1096 915 1177 1000 jure

155 1017 243 1082 idem
264 1016 357 1099 illud,
379 1025 534 1102 quatenus
556 1015 597 1080 ad
621 1015 764 1103 Operum
787 1016 920 1104 quidem,
949 1018 1178 1104 perscrutatio·

154 1144 230 1188 nem
252 1129 386 1208 spectat,
409 1122 520 1206 quaeri
540 1120 623 1185 licet.
667 1121 822 1202 Quamvis
844 1123 946 1204 enim,
968 1123 1023 1208 qui
1044 1130 1118 1208 post
1141 1120 1177 1185 il-

156 1226 219 1290 lam
241 1227 537 1292 commentationem
560 1224 679 1289 editam
701 1225 845 1312 Operum
878 1234 910 1290 ct
938 1214 1075 1290 Dieruni
1104 1247 1176 1289 car·

158 1353 232 1395 men
252 1331 437 1394 universum
458 1337 513 1393 aut
536 1328 708 1393 ediderumt
736 1338 791 1394 aut
819 1331 1096 1412 examinaverrmt‚
1133 1328 1176 1393 de

159 1434 289 1518 exegesi
311 1432 379 1518 ejus
399 1431 482 1496 bene
503 1420 620 1496 meriti„
639 1433 717 1514 sint,
746 1434 889 1517 quaestio
912 1456 932 1497 a
952 1432 1078 1498 Rankio
1100 1455 1177 1518 pro-

156 1541 260 1627 posita
280 1537 385 1603 adhuc
406 1546 454 1602 est
476 1536 544 1602 fere
564 1538 692 1602 intacta.

223 1644 336 1731 Neque
358 1665 418 1729 ego
437 1643 578 1708 omnium
595 1642 875 1728 investigationem
895 1645 1055 1709 rationum
1076 1652 1176 1731 atque

158 1747 436 1829 necessitudinum,
458 1768 539 1833 quae
560 1749 650 1833 poesi
663 1746 845 1812 Hesiodeae
860 1769 933 1813 cum
955 1749 1177 1814 etHomerica

60 1838 101 1919 'u
160 1863 192 1919 et
211 1853 424 1940 posteriorum
449 1861 630 1938 temporum
661 1854 752 1939 poesi
779 1853 994 1937 intercedant,
1022 1875 1109 1919 nunc
1138 1863 1177 1918 ut

160 1981 314 2024 summam
345 1956 566 2042 disputationis
597 1956 676 2021 milri
711 1958 839 2044 sumpsi.
891 1958 975 2024 Nam
1002 1960 1062 2023 etsi
1088 1959 1175 2024 hunc

160 2061 282 2143 locum,
303 2061 339 2123 in'
359 2081 421 2146 quo
439 2059 564 2145 judicia
587 2059 627 2123 de
649 2061 782 2144 singulis
803 2059 910 2126 multis
931 2070 1093 2149 tamquam
1104 2065 1177 2128 fun·

161 2164 310 2229 damento
331 2184 388 2227 suo
409 2163 554 2226 nituntur
560 2211 569 2245 ‚
598 2184 663 2227 non
684 2164 778 2250 plane
810 2165 986 2251 praeterire
1013 2173 1177 2252 poteram:

160 2279 268 2334 tamon
288 2266 323 2332 id
343 2267 484 2331 maxime
506 2266 599 2332 huius
621 2269 894 2333 commentationis
922 2290 991 2356 esse
1015 2270 1176 2335 existima·

161 2373 251 2454 bam,
283 2379 319 2435 ut
346 2371 381 2434 in
407 2371 634 2456 compositione
669 2370 813 2457 Operum
841 2380 874 2436 et
901 2372 1037 2437 Dierum
1066 2373 1178 2461 explo-

162 2473 266 2540 randa
284 2473 509 2560 sententiisque
525 2472 565 2536 de
578 2472 664 2549 locis,
688 2474 742 2561 qui
763 2473 994 2541 dubitationem
1016 2487 1175 2560 moveant,

162 2579 302 2645 ferendis
323 2580 465 2666 saepius,
497 2600 593 2665 quam
620 2579 725 2645 adhuc
755 2578 874 2644 factum
900 2589 964 2655 est,
994 2591 1027 2645 et
1051 2591 1176 2648 ceteras

161 2684 297 2748 nominis
318 2681 473 2747 Hesiodei
494 2681 644 2769 reliquias
663 2691 694 2747 et
712 2683 858 2748 carmina
879 2683 1053 2751 Homerica
1073 2687 1108 2749 in
1123 2687 1178 2773 ju-

165 2788 283 2852 dicium
304 2808 462 2850 vocarem.
505 2785 635 2851 Etenim
655 2785 842 2874 opusculum
862 2809 969 2853 meum
997 2789 1077 2853 nihil
1106 2804 1175 2854 esse

164 2891 233 2957 vult
252 2891 313 2955 nisi
333 2890 473 2976 prolusio
494 2893 714 2976 quaestionum
733 2891 918 2958 uberiorum
945 2893 985 2957 de
1011 2895 1176 2980 cogitandi

164 2994 384 3081 sentiendique
404 2997 527 3061 ratione
549 3005 582 3061 et
603 3006 671 3062 arte
691 2998 818 3084 poetica
838 2993 974 3064 Hesiodi
994 3022 1098 3086 neque
1112 3003 1178 3066 cui-

166 3119 262 3186 quam
281 3099 383 3182 magis
402 3119 497 3184 quam
517 3098 596 3163 mihi
617 3122 803 3187 persuasum
826 3109 873 3165 est
893 3100 1004 3185 multa,
1027 3125 1108 3189 quae
1123 3104 1178 3170 hio

167 3212 259 3268 erunt
284 3200 492 3289 proferenda,
523 3211 592 3267 tum
622 3203 750 3268 demum
779 3226 838 3290 pro
867 3206 962 3270 certis
992 3206 1179 3294 exploratis

168 3328 229 3393 que
250 3305 399 3372 habenda
421 3328 502 3390 esse,
535 3330 632 3395 quum
658 3308 736 3373 mihi
766 3308 903 3372 eundem
937 3330 1064 3375 cursum
1089 3311 1179 3378 illinc

168 3431 240 3474 orso
261 3418 293 3474 et
317 3411 434 3474 iterum
462 3431 590 3477 emenso
610 3411 756 3499 ¹probata
785 3420 817 3475 et
849 3413 1035 3478 confirmata
1066 3419 1182 3483 consti-

169 3516 274 3578 terint.

232 3617 349 3682 Libros
362 3638 481 3699 eorum,
503 3618 557 3705 qui
578 3616 660 3682 hanc
682 3618 850 3684 materiam
866 3627 1093 3706 mactaverunt,
1115 3624 1182 3711 ple-

169 3742 283 3807 rosque
305 3719 474 3805 diligenter
494 3719 630 3806 perlegi3
653 3742 734 3807 quae
755 3721 817 3785 illis
838 3720 956 3804 debeo,
985 3724 1019 3787 in
1040 3723 1202 3814 acceptis

168 3823 275 3906 retuli,
296 3845 337 3887 ne
358 3823 405 3888 ibi
426 3823 556 3908 quidem
565 3824 875 3907 nominibuscelatis,
895 3825 952 3891 ubi
963 3848 1057 3912 quem
1067 3830 1136 3894 sive
1148 3837 1183 3898 in

170 3925 304 3991 eandem
324 3929 392 3992 sive
413 3926 548 3990 similem
560 3930 747 3993 sententiam
766 3929 914 3993 incidisse
927 3933 1042 4017 reperi.
1085 3933 1184 4014 Quod

170 4031 271 4096 siuno
283 4030 444 4117 alteroque
457 4029 528 4096 loco
542 4032 667 4097 incuria
682 4054 746 4097 non
768 4033 907 4115 fecerim,
929 4034 998 4120 ejus
1016 4037 1063 4101 rei
1085 4039 1184 4106 etiam

170 4142 264 4219 atque
285 4135 381 4200 etiam
404 4135 641 4221 excusationem
661 4143 744 4221 peto.
794 4134 874 4200 Sunt
895 4146 1000 4202 autem
1022 4139 1068 4202 illi
1089 4139 1192 4211 librit·
