2864 5114
147 562 282 629 Hesiodi
302 572 405 628 aetate
428 563 589 637 dominum
618 575 878 654 permutaverat.¹
914 569 998 634 Nam
1025 577 1096 654 post
1123 567 1158 632 il·

148 668 209 741 lius
232 666 360 731 demum
381 677 514 734 mortem
544 669 641 749 (circa
669 693 787 736 annum
808 671 873 736 560
895 667 923 737 a.
945 671 1020 739 Ohr.
1049 695 1159 739 secun·

148 771 225 837 dum
248 771 286 837 Ο.
307 770 432 836 Miiller.
453 772 473 836 l.
495 772 514 836 l.
536 796 567 859 p.
588 773 650 846 397
675 774 749 838 edit.
771 764 850 859 alt),
872 777 899 841 si
920 799 983 862 qua
1004 775 1083 842 fides
1104 775 1159 843 ha·
1205 754 1240 843 ξ’

148 874 256 940 henda
275 869 446 942 Plutarcho
469 899 518 963 ap.
538 875 663 942 Procul.
673 877 716 941 ad
726 900 755 941 v.
774 879 837 943 635
848 877 964 962 Votlb,
984 903 1004 944 a
1025 880 1158 967 Thespi-

125 1014 127 1019 ·
150 977 277 1060 ensibus
299 980 340 1059 (v.
362 977 465 1045 Strab.
488 981 517 1063 9,
539 1004 569 1067 p.
579 980 666 1063 409)
688 989 781 1068 capta
803 991 965 1069 astatque
988 1004 1106 1048 eversa

212 1078 378 1166 Βασιλῆας
398 1083 432 1146 in
453 1082 514 1148 hoc
536 1085 676 1149 carmine
697 1107 761 1149 non
782 1108 849 1150 esse
870 1109 977 1172 reges,
1003 1087 1060 1152 sed
1082 1089 1190 1176 opti-'-

150 1195 267 1270 mates,
296 1187 351 1272 qui
373 1187 469 1251 etiam
490 1188 524 1251 in
546 1186 693 1273 Odyssea
712 1188 809 1275 vulgo
829 1188 975 1275 βασιλῆες
1003 1191 1162 1277 appellan·
1248 1221 1259 1248 ι
1389 1190 1395 1197 ’

149 1299 203 1356 tur
224 1293 264 1372 (v.
285 1290 410 1356 Procul.
432 1292 474 1356 ad
495 1293 596 1376 v.·‚37;
620 1293 832 1360 recentiorum
853 1293 944 1359 multi
966 1300 1162 1379 erraverunt)

152 1416 170 1458 e
191 1418 243 1459 vv.
265 1395 316 1460 38.
338 1395 379 1459 39
403 1404 545 1485 apparet.
598 1397 682 1462 Nam
709 1400 737 1487 si
764 1421 824 1462 rex
846 1421 920 1463 cum
953 1399 1163 1466 assessoribus

151 1519 280 1583 causam
318 1498 451 1564 Hesiodi
485 1499 677 1587 judicasset,
716 1524 781 1567 non
815 1500 977 1587 βασιλῆες,
1007 1503 1064 1567 sed
1100 1507 1191 1586 4¹30ss

152 1600 255 1675 σιλεύς
282 1602 444 1688 judicasse
481 1603 648 1670 diceretur.
708 1604 783 1670 Aha
813 1607 954 1692 quaestio
985 1615 1049 1690 est,
1086 1631 1164 1675 num
1292 1654 1297 1667 .

110 1766 115 1779 ,
153 1707 280 1771 omnino
290 1707 413 1792 regium
428 1708 597 1795 imperium
610 1709 663 1775 illc
685 1718 828 1797 tempore
849 1711 883 1774 in
904 1711 1008 1797 patria
1029 1712 1164 1779 Hesiodi

106 1886 108 1889 ¹
153 1813 333 1878 obtinuerit
375 1811 420 1884 At
441 1834 482 1877 ne
503 1813 539 1878 id
560 1813 698 1899 quidem.
750 1813 951 1904 Quamquam
980 1815 1065 1880 enim
1085 1817 1165 1884 nihil

154 1915 280 1982 efficere
302 1914 377 1980 licet
399 1938 441 1980 ex
463 1939 517 1998 ec,
555 1915 640 2002 quod
672 1917 840 1982 concilium
868 1920 1067 2006 optimatium
1093 1920 1165 1987 lites

149 2018 338 2106 judicat-
367 2011 456 2083 idem
483 2020 663 2085 invenimus
690 2023 720 2082 Σ
738 2021 802 2086 503
825 2058 866 2068 —
894 2029 1001 2087 tamen
1027 2025 1165 2090 testimo·

154 2125 215 2189 niis
236 2124 409 2208 historicis,
437 2145 519 2210 quae
541 2124 686 2211 quamvis
712 2124 857 2191 fabulosa
882 2127 945 2191 sint
973 2127 1009 2193 in
1026 2127 1166 2213 singulis,

155 2229 188 2292 in
209 2249 387 2294 summare
408 2249 472 2292 non
493 2236 565 2293 sunt
587 2227 811 2315 relinquenda,
838 2237 961 2294 constat
981 2229 1073 2294 brevi
1092 2241 1166 2318 post

155 2331 378 2417 migrationem
399 2332 554 2398 Doricam
575 2333 714 2410 occisum
736 2354 803 2398 esse
825 2331 999 2410 Xanthum,
1021 2332 1167 2406 ultimum

154 2457 265 2520 regem
287 2434 514 2502 Thebanorum
535 2437 643 2524 itaque
665 2438 761 2501 etiam
782 2435 996 2501 Ascraeorum
1017 2437 1120 2519 (Paus.
1137 2440 1167 2523 9,

157 2539 188 2622 5,
212 2539 241 2604 8.
263 2539 303 2602 cf.
326 2538 431 2606 Strab.
454 2541 483 2623 9,
505 2540 578 2605 392.
602 2539 690 2605 Suid.
712 2562 735 2604 s.
757 2563 786 2604 v.
805 2537 1020 2625 Ἀπατούρια).

220 2642 272 2707 De
294 2643 442 2708 universo
464 2643 785 2731 rerumpublicarum
804 2652 895 2728 statu,
918 2643 1021 2730 qualis
1034 2644 1167 2711 Hesiodi

157 2761 301 2836 tempore
323 2750 357 2814 in
377 2749 513 2815 Boeotia
526 2750 631 2834 fuerit,
653 2750 878 2837 quaerentibus
899 2749 991 2815 nobis
1004 2748 1083 2813 nihil
1102 2749 1169 2815 fere

158 2855 312 2937 occurrit,
342 2854 404 2918 nisi
424 2854 640 2940 querimoniae
659 2854 741 2919 'illae
773 2853 814 2919 de
842 2853 997 2942 injustitia
1013 2851 1170 2939 judicum,

48 3038 58 3056 κ
156 2957 260 3023 litium
289 2979 395 3023 amore
420 2957 506 3045 apud
536 2957 671 3046 plebem.
726 2959 910 3026 Turbarum
938 2957 1080 3023 civilium
1107 2982 1171 3025 ma-

152 3064 303 3149 jorumve
317 3062 480 3128 bellorum
500 3064 671 3176 vestigium
691 3063 820 3129 nullum.
862 3065 971 3130 Unum
992 3061 1168 3129 notandum

160 3175 223 3232 est.
259 3164 300 3231 de
337 3167 462 3249 fenore,
494 3189 556 3253 quo
587 3135 714 3254 plebem
746 3167 801 3232 illa
833 3176 936 3234 aetate
964 3190 983 3232 a
1011 3165 1171 3232 nobilibus
1248 3190 1252 3197 ·

160 3275 299 3336 maxime
320 3272 434 3336 vexari
455 3271 579 3336 solitam
607 3294 675 3337 esse
698 3281 836 3356 constat,
870 3295 910 3337 ne
944 3271 1080 3336 verbum
1106 3270 1173 3357 qui-

161 3375 234 3441 dem
270 3373 312 3463 (si
340 3377 482 3464 spurium
517 3401 547 3441 v.
575 3377 640 3442 404
672 3377 868 3466 excipias)
858 3377 1003 3442 mveniri.
1059 3376 1173 3463 Neque

161 3478 336 3565 agricolae,
359 3502 494 3566 quorum
516 3504 597 3547 unus
619 3490 667 3545 est
686 3481 815 3564 Perses,
837 3479 952 3546 fundos
973 3503 993 3544 a
1014 3478 1174 3545 nobilibus
1266 3518 1268 3523 <

161 3582 358 3670 redemptos,
379 3584 437 3648 sed
458 3607 530 3649 suos
552 3583 658 3650 colunt
680 3584 718 3666 (v.
740 3585 823 3669 341).

151 3776 153 3781 s
224 3686 351 3752 Justam
371 3686 507 3752 Hesiodi
534 3688 784 3774 indignationem
807 3687 847 3752 de
873 3685 948 3772 jure
976 3683 1093 3769 violato
1122 3709 1174 3751 vv.

162 3790 214 3854 40.
235 3789 276 3854 41
301 3812 374 3855 cum
395 3791 512 3858 acerba
526 3792 684 3857 brevitate
698 3792 888 3879 exprimunt.
932 3790 1032 3871 Quasi
1049 3789 1176 3876 judices

162 3894 305 3980 corrupti
325 3894 362 3959 id
382 3894 552 3960 habuerint
574 3895 712 3974 consilii,
743 3904 779 3961 ut
800 3896 904 3982 ipsum
925 3892 1101 3977 laederent,
1130 3895 1176 3959 in·

161 4003 272 4084 crepat
292 4017 346 4061 eos
366 4019 397 4061 v.
419 3997 470 4061 40.

275 4100 398 4186 νήπιοι,
422 4101 498 4166 οὐδὲ
522 4103 643 4178 ἴσασιν,
667 4101 730 4189 ὅσῳ
752 4101 852 4166 πλέον
872 4102 966 4188 ἤμισιι
988 4099 1115 4173 παντός.

158 4203 301 4270 Hesiodo
349 4206 476 4292 quidem
511 4216 558 4272 est
587 4205 702 4284 πλέον,
741 4230 836 4294 quem
864 4215 954 4273 recta
985 4205 1178 4271 conscientia
1262 4195 1268 4203 ’
