2864 5114
67 1522 142 1658 De
165 1581 309 1668 Operum
331 1591 363 1646 et
379 1581 515 1646 Dierum
537 1579 671 1649 Hesiodi
692 1583 920 1668 compositione
936 1584 1082 1676 pristina—

17 1674 23 1689 ’
68 1708 130 1772 que
145 1686 287 1754 formosi
307 1695 379 1773 post
400 1695 447 1751 tot
467 1686 588 1773 scripta
608 1687 752 1751 virorum
774 1685 1027 1765 doctissimorum
1048 1691 1081 1754 in
1144 1746 1147 1752 ,

66 1787 170 1854 lucem
182 1788 290 1874 prodit
302 1790 525 1857 commentatio
535 1811 627 1871 nova,
651 1791 718 1874 ejus
740 1797 903 1853 auctorem
925 1811 1081 1854 commen-

64 1895 193 1960 tationis
214 1917 278 1959 non
299 1895 381 1980 fugit
399 1895 484 1978 fore,
506 1903 542 1959 111
562 1895 690 1980 incepto
716 1916 772 1960 0110
795 1915 961 1960 commune
982 1895 1081 1963 homi·
1141 1924 1188 1993 ‚s

63 2022 142 2064 num
174 1999 407 2085 philologorum
432 1991 594 2087 judicium
622 2000 752 2067 minime
781 1998 897 2065 faveat
950 2000 1079 2068 Etenim
1150 2004 1153 2009 '

65 2105 208 2189 quaestio
229 2104 300 2187 illa,
327 2103 368 2168 de
391 2126 454 2190 qua
474 2113 546 2190 post
567 2103 740 2168 Twestcnii
762 2102 1005 2189 Thierschiique
1027 2127 1080 2186 cn-

63 2230 116 2272 ras
136 2207 290 2279 Lehrsius
308 2217 341 2275 et
364 2209 508 2275 Rankius
529 2210 700 2274 sententias
720 2208 815 2294 plane
837 2210 1011 2274 contrarias
1032 2207 1079 2275 tu-

63 2310 167 2375 lerant
190 2313 251 2395 ita,
272 2321 308 2377 ut
328 2310 455 2398 utrique
476 2312 531 2379 alii
553 2313 699 2398 interque
721 2333 775 2376 eos
797 2312 912 2376 summi
939 2314 1002 2379 viri
1024 2314 1079 2378 ad-
1161 2321 1163 2325 '

16 2464 18 2469 s
61 2414 303 2501 stipularentm:
343 2424 512 2502 postquam
552 2425 585 2481 et
622 2414 836 2501 Goettlingius
864 2424 895 2480 et
929 2417 1078 2503 Heyerus

62 2517 202 2584 mediam
231 2518 393 2605 quandam
422 2520 509 2585 viam
537 2541 642 2607 neque
675 2541 744 2584 eam
775 2527 883 2585 tamen
917 2520 944 2583 si
973 2521 1096 2597 minusx

62 2624 221 2706 omnibus,
246 2625 358 2690 saltem
379 2625 539 2713 plerisque
561 2625 729 2712 probatam
749 2625 884 2710 ingressi
906 2633 992 2689 sunt:
1013 2647 1077 2690 1110-
1168 2685 1179 2703 ,

60 2729 122 2793 1110
144 2729 228 2793 inter
249 2730 489 2797 inextricabiles
506 2730 656 2797 habenda
674 2752 743 2796 esse
763 2730 920 2812 videatur,
940 2739 976 2795 ut
985 2731 1074 2813 multi

59 2833 128 2897 sinc
150 2831 248 2897 dubio
276 2833 395 2899 faciant
416 2856 489 2899 cum
510 2832 723 2920 Bernhardyo
750 2843 896 2899 censente
918 2829 979 2918 (gr.
1000 2833 1076 2899 Lit-

60 2935 169 3022 Gcsch
189 2937 233 3020 Π,
254 2960 285 3023 p.
309 2937 385 3018 179)
409 2937 550 3023 amplum
571 2937 658 3003 illam
680 2937 876 3024 subjectivae
905 2958 1000 3023 quam
1021 2961 1074 3003 vo

58 3065 168 3108 camus
197 3041 328 3106 criticae
360 3042 517 3128 praebere
545 3065 703 3130 campum.
759 3042 833 3127 Ego
859 3063 937 3106 vero
969 3064 1072 3128 neque

57 3155 181 3212 tantum
202 3145 282 3210 mibi
302 3168 433 3232 arrogo,
462 3146 645 3230 arcadem,
679 3169 742 3233 qua
763 3145 809 3211 ilh·
831 3147 881 3210 usi
901 3155 989 3228 sunt,
1020 3148 1074 3212 via

57 3261 153 3338 atque
174 3252 297 3318 ratione
319 3271 339 3315 a
359 3273 411 3315 me
433 3252 620 3339 indagatum
641 3253 682 3317 iri
703 3261 826 3338 putem,
847 3273 929 3337 quac
949 3261 1072 3338 praete-

58 3356 170 3419 rierint
192 3353 299 3420 oculos
319 3352 463 3437 1110111111,
491 3378 595 3442 neque
610 3363 746 3443 'sperare
774 3376 902 3441 possum
923 3352 1019 3436 fore,.
1035 3366 1071 3420 ut

57 3461 126 3537 sine
146 3459 238 3525 novis
259 3458 474 3551 gravibusque
501 3461 696 3545 argumentis
718 3459 905 3545 cujusquam
924 3457 1071 3544 plausum

57 3560 173 3627 fciam:
204 3563 394 3649 praesertim
420 3585 519 3649 quum
548 3562 729 3650 hujusmodi
764 3562 962 3648 quaestiones
995 3586 1070 3629 non·

56 3690 218 3753 nunquam
240 3667 443 3750 auctoritate,
465 3668 646 3756 quaemihi
668 3677 716 3734 001
734 3665 830 3750 nulla,
851 3667 952 3752 magis
974 3689 1068 3752 quam

10 3790 13 3795 ·
55 3772 327 3856 argumentatione
353 3771 624 3838 commendentur.
679 3771 745 3838 Sed
769 3759 798 3837 si
819 3770 890 3855 jam
917 3770 1069 3860 1111101100

55 3874 196 3941 sedecim
227 3896 327 3941 annos
360 3876 412 3940 vir
447 3874 640 3942 clasissimus
670 3872 896 3941 Fordinandus
923 3872 1069 3940 Rankius

10 3962 18 3977 '
41 3979 361 4076 'incommentatione
378 4001 436 4044 sua
453 3978 563 4063 altera,
584 3981 637 4046 cui
651 3978 751 4046 index
769 3986 829 4044 eet:
845 3975 1068 4061 ¹hesiodeiscbe

54 4082 190 4151 Studien
211 4104 366 4167 quaerere
387 4086 491 4171 potuit
512 4082 558 4172 (p.
580 4084 629 4173 3):
664 4106 747 4167 „wer
776 4081 860 4148 aber.
884 4081 939 4148 hat
959 4081 1068 4149 bisher

52 4186 121 4254 sich
142 4210 183 4252 au
205 4183 268 4250 den
289 4184 412 4253 Fiissen
434 4187 491 4253 des
502 4188 661 4255 Hesiodus
679 4186 912 4281 niedergesetat
925 4184 992 4250 und
1008 4186 1066 4253 das

832 4303 848 4364 1
