2864 5114
762 433 805 498 42

275 603 545 686 Hom.5,10.11,
567 624 629 688 quo
651 601 720 667 loco
742 603 860 686 Horae,
882 609 918 666 ut
937 608 1044 667 nostro
1066 600 1198 667 Gratiae
1222 599 1289 686 (sed
1326 654 1328 664 .

274 700 447 792 sequuntur
468 688 576 770 Horae
597 728 627 768 v.
650 705 716 790 tot:
751 703 839 794 δειρῇ
860 702 891 767 d’
910 701 991 789 ἄμφ’
1013 702 1125 794 ἁπαλῇ
1146 707 1201 766 καὶ
1218 703 1303 789 moj-

275 812 369 872 9εσιν
397 807 604 895 ἀργυφέοισιν
625 807 749 893 ὅρμοισι
777 810 955 893 χρυσέοισιν
982 806 1132 890 ἐκόσμεον
1160 806 1288 894 (Hymn.

217 972 231 1001 ,
274 917 354 982 Vera
376 917 427 981 88.
435 917 477 981 89
500 914 592 1001 ὅρμοι
614 908 648 978 δ’
655 912 736 1000 ἄμφ’
750 912 862 1004 ἁπαλῇ
879 913 968 1004 δειρῇ
980 911 1183 998 περικαλλέες
1196 909 1288 998 ἦσαν,

256 1018 365 1082 1ιιαλοὶ
385 1018 524 1105 χρύσειοι
546 1017 773 1105 παμποίκιλοι).
817 1018 946 1084 Gratias
968 1026 1000 1083 et
1021 1018 1126 1082 Horas
1146 1017 1288 1104 reperies

272 1126 369 1190 etiam
397 1125 431 1188 in
452 1124 642 1209 fir-agmento
670 1125 846 1189 carminum
878 1123 1072 1210 Cypriorum
1099 1145 1148 1209 ap.
1169 1120 1286 1187 Adron.

226 1289 228 1292 .
272 1227 338 1293 XV
359 1250 390 1314 p.
403 1227 492 1291 682ο
515 1225 686 1310 (Welcher.
708 1249 758 1314 ep.
780 1225 870 1313 Cycl.
890 1226 925 1292 H
946 1249 978 1314 p.
993 1226 1081 1308 510}:
1102 1225 1189 1313 quod
1203 1225 1286 1312 frag·
1338 1235 1370 1322 ν·

271 1338 413 1396 mentum
428 1326 500 1394 *etsi
526 1329 685 1416 quandam
717 1329 814 1395 habet
834 1328 1100 1395 necessitudinem
1120 1351 1194 1394 oum
1214 1327 1304 1414 ΙοοοΔ

166 1429 170 1445 ’
202 1440 204 1445 “
273 1443 305 1499 et
325 1443 432 1499 nostro
455 1442 487 1498 et
506 1434 624 1520 Hymn.
645 1434 740 1500 Hom.
762 1426 794 1517 5‚‘
813 1442 920 1499 tamen
941 1432 1020 1498 nihii
1040 1432 1146 1516 habet,
1166 1435 1200 1497 in
1221 1453 1285 1520 quo

272 1538 478 1607 imitationem
506 1559 666 1635 agnoscas.
715 1536 761 1603 At
791 1536 933 1624 ejusdem
957 1538 1107 1602 carminis
1127 1536 1284 1622 fragmen·

272 1651 341 1707 tum
370 1642 498 1707 brevius
526 1641 567 1707 ab
596 1640 764 1708 Athenaeo
790 1650 862 1729 post
887 1639 967 1706 illud
987 1640 1152 1706 laudatum
1172 1639 1284 1706 saltem

272 1767 471 1842 oommunem
499 1768 572 1811 oum
594 1745 799 1833 Theogoniae
828 1745 897 1811 loco
923 1745 1042 1811 fontem
1062 1745 1210 1812 habuisse
1230 1767 1284 1810 us·

270 1870 356 1913 cesse
377 1858 438 1914 est:
460 1848 499 1913 cf.
519 1873 571 1913 vv.
581 1850 638 1916 23
660 1872 733 1915 cum
754 1849 957 1914 Thersit.

254 1933 263 1955 ⁸
318 1953 487 2040 ·Reliqua‚
502 1975 577 2040 pars
606 1953 732 2018 fabulae
759 1975 859 2039 usque
881 1951 924 2017 ad
944 1975 973 2016 v.
997 1953 1038 2016 89
1059 1941 1170 2040 ιιοροο
1184 1951 1285 2039 expli-

270 2059 393 2123 catione
416 2066 489 2144 eget
508 2079 611 2143 neque
640 2057 833 2122 defensione.
875 2057 937 2122 Vv.
959 2051 1118 2139 90-92,
1149 2057 1205 2144 qui
1225 2055 1281 2121 ad·
1356 2078 1359 2090 *

268 2162 418 2227 umbrant
439 2159 653 2226 conditionem
674 2161 859 2245 humanam,
880 2162 981 2248 qualis
1003 2170 1075 2226 ante
1096 2160 1280 2226 Pandoram

270 2266 304 2328 in
327 2274 446 2329 terram
468 2264 596 2327 missam
617 2263 727 2347 fuerit,
755 2263 945 2329 adsensum
966 2289 1017 2329 vv.
1038 2266 1167 2330 42-46
1188 2265 1280 2331 rede-
1395 2354 1397 2359 Ι

268 2378 326 2438 unt
345 2390 449 2455 neque
469 2388 546 2431 vero
560 2366 711 2452 languide
723 2389 797 2431 eum
812 2376 969 2454 repetrmt.
1001 2369 1072 2433 Illia
1087 2371 1171 2434 onim
1184 2379 1281 2457 poeta

270 2473 312 2538 do
332 2472 495 2538 laboribus
515 2473 656 2536 maxime
677 2473 803 2537 rusticis
827 2471 954 2537 dixerat
973 2474 1085 2560 paucis
1105 2473 1213 2538 verbis
1235 2472 1277 2537 de

127 2621 134 2634 =
268 2579 472 2664 navigatione
500 2575 618 2642 additis
624 2625 633 2660 ,
660 2598 745 2641 nuno
775 2577 881 2640 omnia
908 2575 993 2640 mala
1013 2577 1098 2640 vitae
1120 2576 1278 2642 humanae

267 2682 401 2748 induas
423 2681 537 2747 classes
559 2680 663 2746 divisa
692 2679 932 2768 comprehendit
952 2703 1005 2744 vv:
1026 2680 1078 2744 91.
1099 2681 1150 2744 92.
1193 2681 1281 2763 Qua-

266 2811 338 2854 rum
359 2787 506 2853 classium
527 2785 641 2868 altera,
664 2807 759 2871 quam
779 2787 928 2850 universo
950 2785 1073 2860 κακῶν,
1096 2784 1190 2871 paulo
1211 2808 1278 2850 ma-

265 2893 315 2978 gis
337 2891 466 2957 definito
487 2890 600 2954 πόνοιο
620 2889 748 2953 nomine
768 2884 904 2971 denotat,
921 2897 993 2953 sunt
1007 2890 1177 2954 aerumnae
1199 2888 1277 2972 (πιέ-Ι

160 3031 168 3035 -
238 3072 239 3078 ¹
266 3017 320 3070 νος
340 2998 469 3083 proprie
490 2993 619 3095 μουὶψ
640 3014 735 3079 saepe
767 2992 807 3056 de
834 2991 943 3057 labore
965 2991 1079 3058 bellico
1101 2994 1139 3058 cf.
1160 2993 1274 3059 Lehrs.

265 3099 306 3164 de
327 3100 424 3165 Arist
445 3097 526 3164 stud.
547 3120 578 3184 p.
601 3097 640 3161 87
651 3146 660 3181 ,
691 3120 868 3184 nunquam-
885 3088 925 3160 de
952 3097 1163 3183 agricultura,
1192 3121 1274 3187 quae

265 3212 312 3268 est
335 3201 427 3288 ἔργον
448 3200 466 3276 ζ
484 3201 557 3265 222.
579 3221 598 3265 ιι
620 3199 694 3288 98),
726 3201 827 3266 altera
856 3199 970 3265 morbi.
1013 3201 1275 3276 Eademdivisio

264 3315 409 3370 servatur
429 3307 463 3370 in
490 3328 541 3368 vv.
565 3288 724 3390 10243,
758 3307 813 3393 qui
841 3304 967 3370 illorum
996 3309 1183 3372 sententiam
1205 3331 1276 3372 ver-
1379 3380 1384 3392 ρ

265 3431 373 3492 suum,
406 3417 442 3473 ut
467 3431 519 3473 res
549 3408 686 3492 ferebat,
717 3431 908 3502 quamquam
940 3409 1081 3474 breviter
1109 3420 1274 3476 exornant

265 3502 337 3595 Quo
359 3512 428 3578 loco
450 3513 551 3578 verba
572 3537 602 3577 v.
614 3513 676 3602 i03
697 3499 785 3575 κακά’
802 3515 946 3597 θνητοῖσι
968 3515 1123 3598 φέρουσαι
1144 3537 1274 3603 respon·

259 3618 341 3683 dent
360 3639 390 3681 v.
413 3617 455 3682 92
476 3614 534 3679 atr?
555 3614 694 3703 α’νδράσι
714 3621 816 3702 κῆρας
833 3616 968 3680 ἔδωκαν.
1080 3680 1087 3707 ἡ,

309 3720 367 3785 ·V.
388 3720 430 3785 93
461 3741 503 3783 ex
525 3718 671 3806 Odyssea
701 3721 802 3786 2360
831 3721 1010 3811 adscriptus
1036 3710 1215 3808 (rationem
1226 3725 1272 3788 in·

263 3825 382 3890 dicavit
404 3822 626 3911 Goettlingius)
649 3825 690 3891 ab
714 3824 889 3905 editoribus
910 3827 986 3892 inde
1008 3825 1202 3894 aBrunokio
1216 3851 1272 3893 un·

262 3931 308 3996 ois
330 3938 378 3994 est
398 3928 546 3995 inclusus.

324 4035 435 4138 Πίθμυ
463 4033 656 4098 mentionem
683 4034 819 4120 primam
847 4036 962 4100 factm
990 4056 1057 4099 esse
1083 4059 1112 4099 v.
1133 4036 1176 4099 94
1206 4059 1270 4102 non
1386 4121 1389 4129 ι

261 4139 361 4224 magis
394 4138 504 4202 mirari
540 4135 710 4221 debemus,
741 4161 836 4226 quam
866 4137 953 4226 quod
984 4138 1130 4204 fraudem
1163 4141 1269 4207 Maoo-
1307 4165 1309 4173 ·

125 4295 129 4311 .
259 4266 352 4311 neam
384 4241 483 4308 verbo
514 4250 637 4308 tanturn
666 4242 823 4328 attigerat.
879 4243 1010 4308 Erravit
1046 4245 1130 4310 enim
1163 4246 1269 4331 Heye·
