2864 5114
765 546 804 610 ta

273 726 306 783 et
327 717 493 804 Odysseae
513 720 712 783 narrationes
733 718 889 781 insiticiae
911 736 1104 802 quamquam
1121 712 1292 800 pleraeque

273 844 337 885 non
357 821 529 886 abhorrent
551 822 593 886 ab
616 822 765 885 universo
792 821 897 907 poesis
919 817 1112 884 Homericae
1134 837 1226 897 sono,
1248 825 1293 879 ta-

270 946 345 991 men
372 926 502 989 minime
537 923 685 1009 servilem
712 925 748 989 in
784 922 916 1009 singulis
947 922 1157 985 imitationem
1191 928 1280 984 osten

270 1028 359 1111 dunt,
381 1028 439 1092 sed
460 1027 495 1092 id
516 1028 713 1114 potissimum
730 1029 830 1092 secuti
844 1048 913 1091 csse
925 1024 1075 1089 videntur
1089 1024 1292 1111 interpolato-

269 1154 331 1215 res,
354 1140 389 1195 ut
410 1130 629 1195 additamenta
649 1154 707 1195 sua
728 1128 895 1209 commode
914 1130 1127 1215 imponerent,
1149 1137 1291 1194 ceterum

270 1243 436 1298 servarent
456 1235 518 1299 sibi
546 1236 738 1298 inventionis
759 1233 813 1299 vel
834 1242 920 1297 certe
948 1233 1143 1296 tractationis
1163 1232 1291 1296 liberta·

271 1350 350 1402 tem:
379 1347 416 1402 ut
437 1342 532 1403 etiam
563 1339 777 1426 discrepantia
799 1340 952 1404 sermonis
973 1338 1015 1403 ab
1037 1339 1210 1403 Homerico
1230 1361 1291 1402 usu

270 1445 420 1532 loquendi
447 1446 723 1533 interpolationem
758 1468 822 1510 non
852 1468 925 1509 raro
958 1445 1138 1531 patefaciat.
1189 1444 1290 1529 Cujus

269 1552 396 1635 generis
417 1549 598 1637 exemplum
620 1550 904 1616 luculentissimum
924 1558 973 1613 est
989 1546 1162 1611 Δολώνεια.
1196 1548 1287 1611 Unus

270 1666 380 1722 auctor
414 1659 551 1730 Νεκυίας
579 1654 727 1741 δευτέρας
758 1657 935 1720 Homerum
967 1654 1080 1739 pannis
1106 1651 1288 1717 Homericis

270 1781 384 1824 ornare
414 1759 536 1824 studuit
565 1781 670 1846 neque
702 1759 790 1823 aliud
827 1767 873 1822 est
908 1780 987 1844 opus
1012 1757 1081 1843 ejus
1102 1757 1163 1820 nisi
1194 1763 1287 1819 cento

269 1885 312 1927 ex
338 1864 485 1930 versibus
512 1863 625 1928 Iliadis
654 1872 686 1927 et
718 1862 883 1949 Odysseae
911 1883 1125 1947 versuumque
1146 1859 1287 1924 frustulis

268 1969 383 2031 misere
405 1969 650 2032 consarcinatus.
694 1967 739 2031 At
759 1966 920 2053 rhapsodi,
942 1967 997 2052 qui
1015 1964 1150 2029 eundem
1164 1986 1286 2029 morem

267 2075 368 2137 secuti
390 2072 552 2158 Operibus
574 2084 606 2135 et
625 2071 751 2137 Diebus
773 2072 892 2157 epyllia
912 2073 1177 2157 interposuerunt,
1191 2069 1286 2134 liber-

265 2184 364 2240 tatem
384 2177 543 2261 poetieam
565 2175 627 2240 sibi
648 2174 827 2240 vindicasse
853 2198 917 2241 non
938 2175 1096 2240 videntur.
1139 2173 1189 2237 Eo
1212 2194 1286 2238 con·

267 2282 347 2345 tenti
369 2290 476 2364 erant,
497 2290 534 2345 ut
556 2280 631 2345 data
653 2282 818 2345 occasione
841 2281 980 2367 aliquam
1002 2280 1151 2345 carminis
1162 2287 1285 2343 senten·

266 2386 344 2448 tiam
368 2422 406 2431 -
429 2384 512 2448 male
532 2383 609 2448 licet
625 2407 696 2448 eam
717 2383 931 2448 intellexerint
956 2422 996 2430 -
1017 2383 1162 2469 pluribus
1180 2403 1285 2468 perse-

266 2489 383 2575 quendi
415 2491 477 2552 ulio
509 2490 643 2568 ejusdcm
670 2498 785 2568 poetae·
809 2491 944 2551 carmine
963 2490 1096 2550 immisso
1119 2483 1172 2573 (cf.
1194 2486 1286 2551 Gou-

265 2593 341 2679 ling.
362 2592 405 2658 ad
426 2616 457 2657 v.
481 2592 557 2680 106)
579 2615 710 2657 munere
731 2592 966 2680 interpolatoris
989 2592 1263 2678 perfungerentur.

330 2696 486 2778 Quamvis
506 2698 591 2760 enim
613 2704 781 2761 contextus
804 2697 1032 2761 sententiarum
1046 2718 1164 2782 pravus
1178 2716 1282 2780 neque

266 2800 332 2865 ulla
351 2803 473 2866 ratione
496 2801 655 2885 ferendus,
678 2825 741 2888 quo
763 2826 793 2866 v.
814 2804 857 2867 42
882 2825 954 2867 cum
976 2825 1006 2865 v.
1028 2802 1069 2864 41
1094 2801 1282 2885 conjunctus

266 2911 329 2985 est,
351 2902 625 2990 interpolationem
646 2904 744 2969 faciat
762 2905 977 2988 manifestam,
1004 2914 1112 2968 tamen
1132 2915 1224 2986 rapat
1245 2908 1285 2968 de

200 3026 204 3033 ’
263 3012 424 3093 Pandora,
454 3030 604 3094 magnam
631 3019 753 3096 partem
775 3031 849 3074 cum
877 3010 1083 3094 Theogoniae
1102 3010 1284 3074 narratione

264 3115 306 3179 ad
327 3114 463 3179 verbum
479 3115 683 3198 conveniens,
704 3117 739 3179 in
762 3113 892 3201 reliquis
914 3116 1025 3196 etiam,
1047 3112 1193 3177 versibus
1206 3134 1284 3197 pau·

264 3220 310 3283 cis
340 3216 491 3305 (ao-69.
514 3218 565 3282 76.
589 3218 640 3283 79.
663 3217 719 3307 93)
746 3219 979 3300 exterminatis,
1001 3239 1065 3280 non
1086 3214 1181 3280 modo
1202 3213 1283 3278 nihil

262 3322 375 3406 habet,
407 3323 492 3409 quod
520 3323 561 3388 ab
595 3332 720 3387 auctore
744 3326 936 3405 Tleoqoas'oe
968 3320 1105 3385 alienum
1135 3320 1191 3402 sit,
1223 3318 1281 3382 sed

263 3428 360 3491 etiam
392 3449 473 3513 quac
508 3426 652 3514 ejusdcm
682 3426 790 3493 stilum
826 3436 940 3514 poetae
976 3434 1086 3511 aperte
1120 3424 1279 3489 indicent:

262 3551 357 3623 quem
379 3530 420 3594 ab
444 3529 587 3615 Operum
609 3540 640 3594 et
660 3530 797 3596 Dierum
818 3538 948 3594 auctore
969 3551 1034 3594 non
1055 3528 1152 3593 luisse
1175 3527 1279 3591 diver-

262 3657 333 3699 sum
351 3657 408 3699 nos
431 3657 535 3720 neque
556 3634 742 3700 dubitamus
764 3644 796 3699 et
816 3635 1009 3720 argumentis
1030 3632 1187 3699 nonnullis
1209 3631 1278 3715 hoc,

261 3739 407 3827 pluribus
429 3740 492 3804 alio
512 3740 645 3805 fortasse
666 3740 736 3805 loeo
753 3740 1001 3805 demonstratum
1014 3739 1138 3805 ibimus.
1169 3740 1279 3803 Etiam

262 3855 354 3923 rapat
375 3847 413 3906 de
436 3846 587 3907 aetatibus
609 3849 711 3907 maadi
724 3847 869 3911 versibus
885 3845 1010 3909 too-8
1026 3845 1170 3910 Hesiodo
1184 3843 1278 3930 plane
1316 3922 1319 3927 Ι

263 3945 402 4031 indignis
422 3946 590 4011 Pandorae
612 3957 752 4013 assutum
773 3951 898 4014 tametsi
918 3949 1061 4013 sensibus
1082 3949 1278 4034 cogitationi·

262 4049 384 4136 busque
406 4050 446 4114 ab
469 4050 630 4138 Operibus
651 4059 684 4115 et
702 4051 827 4117 Diebus
856 4054 902 4117 ita
924 4052 1097 4136 discrepat,
1124 4059 1159 4116 ut
1187 4055 1277 4137 quasi

261 4153 356 4217 aliam
378 4174 547 4239 personam
569 4154 729 4218 Hesiodus
759 4155 900 4221 induisse
922 4155 1084 4234 videatur,
1116 4163 1223 4218 tamen
1245 4165 1277 4221 et

261 4262 300 4323 iis
335 4259 481 4324 versibus
514 4258 656 4324 abundat
668 4310 676 4341 ,
708 4263 762 4348 qui
791 4261 997 4346 Theogoniae
1022 4259 1108 4325 locos
1136 4258 1277 4323 referant

259 4366 304 4426 ita
317 4362 458 4449 quidem,
470 4372 505 4429 ut
518 4363 605 4428 nulla
618 4386 685 4428 esse
697 4366 796 4451 possit
808 4366 946 4451 suspicio
962 4364 1156 4445 imitationis,
1171 4383 1275 4447 neque
