2864 5114
795 360 907 443 re,

259 578 263 599 .
372 530 500 594 Etenim
512 529 650 594 omnium
673 527 740 591 lere
761 528 925 593 nationum
941 527 1120 615 scriptores,
1140 548 1205 615 quo
1218 526 1328 612 magis

180 662 183 667 ·
310 633 464 699 recedunt
481 640 625 718 tempora
646 655 666 696 a
686 631 888 718 simplicitate
909 641 1060 718 naturae,
1085 656 1123 699 eo
1146 633 1250 719 magis
1268 629 1326 696 vel

310 738 432 802 facetiis
459 737 632 802 verborum
648 727 715 801 ‘vel
743 739 901 823 gravitate
932 738 1161 824 sententiisque,
1185 736 1226 801 de
1246 735 1329 801 locis

311 841 531 907 communibus
568 839 776 924 ⁴delectantur
812 863 985 927 eorumque
1029 839 1198 906 dulcedine
1236 839 1326 926 capn'
1356 929 1359 934 .

310 947 481 1011 sententias
510 953 543 1010 et
573 944 744 1031 proverbia
765 946 898 1010 nimium
919 947 953 1010 in
974 943 1120 1023 modum,
1149 944 1205 1010 ubi
1228 942 1326 1009 datur

311 1051 452 1132 occasio,
473 1047 676 1132 accumulare
697 1047 833 1113 student.
877 1048 951 1130 Qua
971 1049 1006 1114 in
1029 1070 1064 1113 re
1085 1048 1121 1113 id
1140 1049 1245 1134 ipsum
1268 1068 1325 1113 eos

310 1153 421 1239 fugere
449 1151 545 1234 solet,
578 1152 612 1215 in
642 1173 704 1237 quo
734 1173 812 1216 vera
839 1139 887 1216 vis
916 1154 1143 1218 sententiarum
1163 1152 1325 1217 bonarum

311 1266 359 1322 est
379 1257 498 1342 posita,
520 1276 602 1341 quae
624 1255 733 1322 verbis
754 1256 864 1343 paucis
886 1257 1021 1323 multum
1043 1258 1231 1344 aperientes,
1253 1264 1323 1321 tum

314 1360 443 1426 demum
464 1360 586 1424 animos
607 1359 804 1424 audientium
825 1360 1016 1446 percellunt,
1039 1384 1136 1449 quum
1158 1362 1324 1448 inopinato

310 1463 451 1552 prolatae
472 1484 548 1544 rem,
572 1461 612 1528 de
634 1486 698 1550 qua
719 1467 832 1550 agitur,
855 1466 942 1532 clara
964 1476 996 1531 et
1017 1469 1108 1554 quasi
1120 1467 1226 1533 subita
1246 1465 1320 1531 luee

309 1570 474 1636 illustrant.
523 1566 645 1647 Quodsi
674 1566 726 1630 vel
755 1569 911 1654 ingeniosi
941 1571 1111 1656 scriptores
1139 1579 1322 1656 temporum

310 1674 445 1753 illorum,
466 1680 502 1736 ut
522 1670 697 1757 Euripides
719 1681 751 1735 et
772 1672 947 1756 Sallustius,
970 1673 1135 1761 captandis
1156 1673 1323 1739 sententiis

235 1824 237 1831 ·
309 1778 433 1867 pondus
451 1778 601 1843 orationis
618 1776 772 1859 minuunt,
789 1778 858 1863 jam
880 1779 1062 1865 imperitum
1083 1777 1199 1863 vulgus
1211 1799 1324 1843 amore

308 1884 434 1948 illarum
454 1881 616 1946 inducitur
637 1902 700 1943 non
721 1879 822 1958 solum
843 1881 887 1945 ad
905 1880 1146 1967 exaggerandas
1162 1902 1224 1964 eas,
1246 1902 1324 1967 qua·
1355 1882 1357 1889 ’

309 2009 381 2051 rum
412 1984 475 2048 alia
502 1983 600 2047 nihilo
632 1982 704 2071 plus
736 1984 815 2049 dicit
845 1986 924 2071 alia,
952 1987 1010 2052 sed
1043 1988 1139 2052 etiam
1171 1985 1213 2050 ad
1249 2006 1323 2050 con·

309 2088 498 2171 nectendas,
527 2109 608 2174 quae
635 2111 700 2153 uno
727 2091 955 2158 vocabulorum
977 2091 1172 2158 vibrantium
1192 2088 1323 2154 vinculo

310 2193 481 2259 cohaerent
508 2176 632 2277 (Lehrs.
661 2199 780 2278 quaest.
809 2197 890 2281 epic.
918 2219 949 2282 p.
975 2194 1063 2283 218).
1113 2191 1274 2280 Exempla
1304 2215 1322 2257 e

310 2299 450 2385 cujusvis
470 2296 606 2360 nationis
626 2294 726 2360 literis
748 2297 861 2362 afferre
883 2321 947 2364 non
968 2299 1029 2363 erit
1047 2290 1181 2379 difficile,
1194 2297 1242 2380 iis,
1265 2298 1322 2383 qui

310 2403 423 2467 harum
444 2421 550 2464 rerum
572 2398 647 2462 satis
667 2400 763 2486 periti
785 2409 865 2466 sunt.
899 2401 1066 2483 Quaedam
1077 2400 1209 2488 protulit
1221 2401 1323 2466 Lehr·

172 2565 179 2577 ,
310 2506 374 2570 sius
396 2503 429 2585 (l.
450 2502 470 2566 l.
491 2526 522 2589 p.
543 2501 632 2586 219),
664 2502 742 2566 mihi
776 2503 872 2570 liceat
898 2507 1074 2571 carminum
1102 2504 1257 2570 Indorum
1290 2514 1323 2570 et

311 2607 394 2694 epici
416 2605 594 2691 argumenti
616 2613 648 2668 et
670 2605 823 2672 didactici
842 2607 1024 2693 admonere,
1046 2609 1104 2674 ubi
1125 2607 1161 2672 id
1179 2607 1323 2673 studium

309 2710 396 2776 haud
417 2712 483 2775 scio
511 2732 553 2774 an
580 2708 705 2794 longius
731 2715 921 2796 processerit
942 2736 1038 2799 quam
1059 2734 1200 2799 usquam.
1243 2713 1319 2779 Non

311 2816 456 2880 inficetus
476 2813 562 2878 lusus
583 2815 810 2881 sententiarum
831 2818 877 2882 ita
889 2819 1057 2898 institutis,
1077 2824 1114 2880 ut
1127 2815 1320 2882 vocabulum

310 2921 441 2985 vibrans
462 2919 578 3004 prioris
598 2919 748 3018 proxima
769 2923 958 3009 excipiatur,
980 2922 1120 2988 occum't
1133 2921 1168 2984 in
1180 2919 1323 2986 Molierii

309 3021 476 3088 comoedia
495 3021 525 3085 le
546 3019 640 3085 festin
661 3020 702 3085 de
724 3024 831 3108 pierre
853 3035 913 3090 act.
926 3026 966 3091 V.
989 3048 1031 3091 sc.
1048 3020 1087 3090 Ἠ
1109 3031 1192 3088 extr.

372 3127 445 3195 Hac
474 3125 596 3188 ratione
624 3123 742 3190 factrrm
773 3136 836 3211 est,
868 3139 904 3194 ut
932 3129 1066 3194 lectores
1095 3125 1212 3215 (neque
1238 3127 1322 3194 ullos

310 3230 416 3317 potius
441 3227 611 3313 suspiceris
641 3234 738 3314 quam
758 3229 910 3316 Atticos),
941 3232 1057 3320 quibus
1087 3254 1201 3318 parum
1229 3231 1323 3318 larga

310 3356 406 3399 manu
425 3331 586 3397 Hesiodus
606 3337 777 3401 sententias
797 3339 949 3424 sparsisse
970 3336 1152 3418 videretur,
1181 3335 1243 3421 ipsi
1264 3347 1323 3401 aut

310 3436 411 3502 verba
430 3435 514 3500 illius
535 3438 689 3502 sententia
711 3440 922 3528 qualicunque
945 3440 1132 3506 confirmare
1154 3437 1322 3504 studerent

280 3589 282 3593 .
310 3536 377 3625 (vv.
397 3537 506 3603 2526.
527 3539 578 3604 93.
600 3540 738 3630 alell)
760 3554 815 3609 aut
842 3544 1006 3610 sententiis
1034 3541 1204 3609 Hesiodeis
1230 3540 1321 3608 locos

311 3639 478 3731 parallelos
507 3641 726 3710 adscriberent
757 3652 821 3731 (vv.
843 3650 916 3714 308.
943 3649 1016 3714 311.
1045 3646 1118 3712 352.
1146 3644 1219 3710 355.
1244 3645 1321 3712 579.

310 3746 383 3812 580.
394 3746 434 3809 81
458 3745 496 3809 cs.
519 3746 580 3813 Od.
603 3768 620 3810 ο
642 3748 699 3837 74)
727 3759 782 3817 aut
810 3751 947 3840 denique
978 3749 1149 3816 sententias
1176 3752 1323 3835 quamvis

312 3851 430 3916 diversi
450 3872 559 3916 sensus
580 3862 712 3938 propter
723 3856 871 3922 vocabuli
889 3856 1045 3923 vibrantis
1061 3840 1321 3921 communitatem

309 3957 520 4044 adjungerent
545 3961 608 4038 (vv.
629 3957 702 4021 317.
732 3958 804 4024 318.
837 3961 910 4025 319.
938 3958 1012 4025 346.
1041 3957 1114 4021 347.
1140 3957 1214 4020 348.
1245 3958 1319 4023 356.

310 4059 383 4126 365.
394 4058 480 4147 825).
522 4057 576 4124 Ab
597 4061 674 4145 ipsis
691 4062 776 4126 enim
797 4060 1076 4150 interpolatoribus
1087 4059 1175 4124 nulla
1190 4063 1320 4130 omnino

311 4164 465 4230 sententia
486 4162 614 4227 videtur
635 4187 703 4229 esse
725 4169 914 4252 excogitata,
936 4166 1108 4253 pleraeque
1130 4167 1198 4231 sine
1220 4168 1320 4237 dubio
