2864 5114
647 360 687 424 19

157 533 424 590 erantvetu'stae
455 534 489 591 et
520 547 710 612 gnomarum
740 506 981 595 colldctionibus
1011 529 1167 616 vulgatae.

156 627 260 694 V.-93
281 631 488 716 transcriptus
517 641 564 695 est
592 654 634 696 ex
657 633 719 699 Od.
740 633 832 714 536,
855 656 884 696 v.
905 635 967 699 317
991 654 1033 698 ex
1053 652 1084 698 t.
1106 633 1170 698 500

157 741 190 797 et
210 754 229 818 ρ
249 734 312 799 347
336 735 461 800 coaluit.
505 736 544 800 V.
566 738 631 802 318
657 738 795 802 recurrit
823 740 853 799 Ω
874 738 917 803 45
937 759 1040 824 neque
1057 747 1168 803 *amen

156 835 202 900 illi
223 836 294 902 loco
318 839 424 924 'magis
449 841 599 904 convenit
629 839 685 928 (cf.
707 840 859 914 schol-A
878 841 921 906 ad
944 862 1017 907 eum
1037 841 1165 930 locum).

155 940 207 1005 Ita
227 943 323 1026 etiam
344 965 375 1006 v.
396 942 461 1008 365
482 943 524 1008 ab
557 945 785 1032 interpolatore
807 944 926 1030 Hymn.
947 946 981 1010 in
1002 945 1101 1010 Mero.
1124 946 1165 1011 36

156 1051 205 1108 est
225 1045 391 1110 immissus.
435 1045 530 1128 Quod
552 1046 595 1113 ad
616 1067 795 1114 sermonem
816 1057 947 1134 spectat,
968 1070 1032 1114 non
1047 1070 1166 1136 parvus

155 1155 207 1211 est
227 1168 378 1213 numerus
398 1149 636 1236 vocabulorum,
659 1151 774 1239 quibus
794 1170 900 1238 neque
917 1152 1077 1218 Hesiodus
1092 1172 1167 1220 usus

156 1259 206 1315 est
231 1270 336 1338 neque
349 1252 523 1340 'Homerus
555 1251 631 1341 (211
656 1257 810 1341 στέρεται,
838 1255 901 1319 319
924 1253 1072 1345 ἀνολβίῃ,
1102 1256 1166 1322 352

154 1352 347 1439 uspduivsw,
369 1355 434 1421 355
456 1356 687 1449 desperata,
709 1359 773 1426 356
791 1357 864 1442 δαίς,
886 1358 1004 1440 ἅρπαξ,
1028 1359 1163 1445 δότειρα,

153 1459 218 1523 365
238 1457 414 1544 βλαβερόν,
437 1461 501 1526 579
524 1466 699 1552 προφέρειν
714 1463 852 1551 Juvandi
870 1463 1100 1548 significatione
1110 1485 1165 1553 po·

153 1564 249 1627 sitnm
271 1573 303 1628 et
328 1561 394 1648 ἠώς
420 1584 494 1631 cum
521 1566 633 1653 ὄρθρῳ
663 1566 817 1655 conflua).
861 1565 907 1631 Aa
926 1566 1005 1632 nihil
1028 1577 1164 1634 aetatem

154 1666 264 1732 Attica
286 1669 471 1734 inferiorem
490 1671 621 1737 indicat.

217 1772 291 1836 Non
317 1771 477 1838 diversam
498 1796 519 1839 a
540 1775 703 1840 sententiis
729 1773 840 1839 ethicis
867 1774 1023 1859 originem
1045 1775 1164 1843 habere

152 1875 304 1941 videntur
330 1887 397 1942 tres
423 1877 485 1944 loci
518 1879 559 1944 de
586 1879 683 1944 rebus
712 1878 755 1943 ad
771 1877 948 1945 doctrinam
968 1879 1164 1966 antiquitatis

154 1964 387 2066 persanata
406 2002 458 2046 vv.
479 1983 639 2048 asca-su.
660 1983 820 2047 rea-ca
840 1982 914 2048 sao.

216 2084 246 2148 Ε
267 2083 470 2150 multitudine
491 2109 642 2153 versuum
662 2087 871 2151 insiticiorum
893 2087 919 2150 si
943 2087 1013 2172 quis
1035 2086 1163 2152 efficere

152 2187 238 2254 volet
268 2190 508 2278 interpolatores
545 2194 641 2257 etiam
677 2194 711 2256 in
740 2189 916 2256 omittendo
943 2213 1007 2254 non
1039 2189 1164 2277 religio-

151 2294 216 2358 sius
250 2317 317 2359 esse
345 2304 503 2379 versatos,
532 2295 737 2360 vehementer
757 2295 930 2360 ‘erraverit
983 2292 1083 2359 Aliud
1117 2305 1164 2361 est
1261 2354 1263 2358 .

151 2399 241 2476 enim*
261 2399 429 2486 antiquum
456 2421 585 2480 carmen
610 2401 728 2488 partim
753 2397 951 2480 intexendis,
986 2420 1068 2484 quae
1099 2422 1163 2464 non

151 2500 487 2590 disparissargumenti
508 2504 718 2594 videbantur,
745 2502 870 2588 longius
891 2500 1076 2587 producere.
1090 2526 1161 2590 par·

149 2607 207 2687 tim
236 2600 447 2691 exornandis,
479 2630 561 2694 quae
590 2608 783 2673 videbantur
814 2608 973 2688 tenuiora,
1004 2607 1161 2674 sentiendi
1229 2659 1232 2662 >

150 2704 296 2777 mutatae?
312 2713 428 2777 rationi
451 2710 676 2794 accomodare,
709 2709 798 2777 aliud
828 2711 898 2796 ipsa
927 2717 1040 2794 poetae
1061 2712 1162 2778 verba
1288 2799 1292 2807 ι

150 2815 193 2880 ad
223 2806 390 2881 arbitrium
416 2838 509 2881 suum
538 2815 695 2880 5551155-
740 2815 843 2880 Prout
869 2813 1021 2900 cujusque
1049 2817 1161 2891 aetatis

150 2919 314 3004 ingenium
335 2919 475 3000 ferebat,
504 2917 655 3006 rhapsodi
684 2917 801 3006 epyllia
835 2924 866 2982 et
896 2917 936 2981 de
958 2917 1107 2984 heroibus
1129 2929 1160 2984 et

152 3022 194 3086 de
215 3030 310 3109 poeta
331 3022 536 3104 immiserunt,
558 3023 774 3087 diasceuastae
796 3021 882 3086 locos
904 3043 1085 3086 communes
1105 3045 1159 3087 ex·
1218 3033 1223 3043 '

148 3126 349 3213 plicaverunt
369 3163 411 3177 -ψ
432 3127 467 3190 15
489 3149 526 3192 eo
548 3128 618 3215 ipso
640 3126 852 3191 reverentiam
873 3123 1027 3190 adversus
1048 3127 1159 3193 Hesio-

150 3230 227 3320 dum
248 3224 371 3312 testati,
414 3229 479 3317 uod
500 3233 668 3295 materiam
689 3227 921 3316 amplificandi,
954 3227 1043 3314 quasi
1072 3229 1159 3316 ligna
1287 3232 1289 3241 ’

149 3344 182 3399 et
202 3356 297 3415 saxa,
322 3356 363 3398 ex
385 3332 468 3400 illius
490 3334 687 3420 Homerique
709 3332 901 3397 carminibus
923 3339 1032 3418 petere
1055 3334 1159 3400 stude·

148 3440 290 3506 bant-
312 3436 607 3526 lectoresdenique
628 3424 790 3503 sententiis
812 3437 897 3504 locos
917 3435 1084 3524 parallelos
1106 3463 1159 3528 ap·
1220 3431 1223 3439 ’

151 3550 331 3630 posuersmt.
381 3541 459 3620 Illa,
491 3565 572 3628 quae
603 3543 707 3606 minus
743 3529 913 3629 placebant
940 3562 1084 3628 quaeque
1111 3567 1159 3625 μι-

150 3647 316 3735 κρολογίας
338 3648 457 3711 crimen
469 3647 612 3713 Hesiodo
626 3656 737 3734 postea
756 3647 940 3730 attulerunt,
962 3648 989 3711 si
1004 3648 1157 3734 neglecta,

149 3761 183 3818 at
204 3774 267 3816 non
289 3752 476 3816 circumcisa
498 3759 530 3815 et
551 3758 714 3816 contracta
736 3758 816 3816 sunt.
850 3748 1054 3838 Quapropter
1073 3751 1158 3817 lacu-

147 3876 221 3938 nas,
242 3854 270 3918 si
289 3874 374 3939 quae
395 3863 468 3920 sunt
489 3855 720 3937 admittendae,
741 3854 950 3940 negligentia,
971 3874 1036 3921 non
1058 3859 1159 3922 consi·
1274 3936 1277 3944 Ι

145 3962 190 4027 lio
211 3956 312 4022 factas
343 3982 411 4024 esse
439 3982 569 4025 necesse
597 3969 652 4025 est.
704 3959 805 4046 Cujus
831 3959 1043 4045 negligentiae
1065 3962 1158 4026 simul

147 4075 179 4131 et
199 4062 386 4131 lacunarum
407 4065 526 4130 indicio
544 4076 617 4130 sunt
638 4059 774 4152 quatuor
786 4063 850 4129 loci
866 4066 1014 4147 (vv.4b3.
1025 4066 1078 4130 54.·
1092 4067 1157 4132 455

149 4169 242 4233 -·57.
264 4167 401 4233 toa-5.
424 4171 501 4252 643)
525 4164 665 4236 ex'sede
688 4190 745 4236 sue
766 4188 805 4234 eo
826 4166 984 4251 translati,
1008 4191 1070 4254 quo
1091 4166 1158 4234 nul·

891 4281 939 4346 2*
