2864 5114
451 372 605 452 ’.ιι

71 555 163 643 plebs
183 565 290 621 tamen
312 555 355 620 ad
386 579 484 621 unum
512 557 649 644 aliquem
672 556 712 620 de
735 556 894 622 nobilibus
916 559 993 642 ipsis
1014 581 1086 623 con-

74 659 226 746 firgiebat,
250 655 310 749 qui
326 657 389 722 illis
408 659 491 733 sicut
510 658 639 746 Jupiter
661 659 828 723 Titanibus
850 659 913 733 alte
927 659 1084 726 excellere

25 785 29 792 ’
68 762 249 850 videretur,
270 767 363 858 eique
376 767 463 830 viam
483 766 526 831 ad
547 767 750 850 tyrannidem
772 768 944 832 muniebat.
973 768 1084 861 Longe

30 882 32 886 '
74 869 220 936 diversus
240 870 301 936 fuit
322 867 421 954 δῆμος
448 877 591 958 tempore
623 870 835 957 Theognidis,
868 873 923 958 qui
944 873 1084 958 priorem

74 977 143 1063 ejus
165 976 380 1042 conditionem
402 997 589 1062 comparans
611 979 651 1056 (v.
674 977 727 1058 53)
750 973 823 1038 λαοὶ
844 973 891 1051 δέ,
914 978 1024 1064 inquit,
1041 976 1085 1063 δή

73 1077 178 1155 ἄλλοι,

205 1207 244 1266 ot
262 1199 401 1286 πρόσθ’
422 1201 506 1264 οὔτε
529 1199 638 1275 δίκας
659 1199 803 1292 ᾔδεσαν
824 1204 909 1267 οὔτε
929 1205 1083 1289 νόμους,

163 1304 235 1368 ἀλλ’
256 1303 341 1390 ἀμφὶ
363 1303 514 1395 πλευρῇσι
536 1303 635 1390 δορὰς
656 1306 758 1386 αἰγῶν
778 1309 967 1392 κατέτριβον,

203 1408 265 1486 ἔξω
287 1407 317 1471 d⁰
337 1405 406 1471 ὥστ’
428 1407 544 1493 ἔλαφοι
565 1407 648 1494 τῆςᾶ
668 1408 817 1492 ἐνέμοντο
839 1409 962 1486 πόλεος.

141 1540 283 1605 Tametsi
304 1547 409 1603 autem
432 1538 591 1604 Hesiodus
609 1538 770 1660 splendori
792 1562 830 1604 ac
852 1545 1011 1628 potentiae
1035 1567 1088 1609 no

33 1662 37 1687 ²
76 1645 208 1710 bilitatis
229 1653 339 1732 sponte
361 1644 524 1719 concedit,
546 1646 684 1709 tamen
675 1647 737 1732 1psi
758 1644 845 1732 plebi
867 1647 954 1712 clara
975 1652 1087 1715 aetatis

77 1747 224 1813 heroicae
254 1747 396 1812 facinora
417 1720 503 1812 haud
525 1770 717 1834 magnopere
744 1747 834 1813 cordi
864 1758 944 1814 sunt
995 1751 1087 1818 Illam

78 1855 164 1919 enim
185 1853 338 1918 memoria
365 1875 472 1918 rerum
494 1875 514 1916 a
535 1852 696 1917 nubilibus
715 1863 875 1940 gestarum
896 1877 960 1920 non
980 1864 1088 1942 tange-

78 1958 186 2023 bat'
155 1958 217 2022 msi
238 1957 423 2044 perleviter,
446 1956 565 2021 bellum
587 1980 680 2034 vero,
707 1958 950 2044 agriculturae
940 1961 1088 2026 mimicis-

78 2065 204 2145 simum,
225 2080 382 2126 summum
404 2059 558 2124 malorum
582 2059 687 2124 videri
708 2084 837 2127 necesse
860 2070 936 2127 erat
980 2062 1088 2143 Quare

77 2169 120 2234 ab
143 2166 285 2233 Hesiodo
318 2187 391 2230 cum
421 2163 527 2229 studio
555 2163 702 2250 litigandi
733 2168 816 2233 inter
836 2175 941 2255 pestes
963 2171 1088 2254 generis
1168 2159 1172 2175 ’

77 2271 208 2336 humani
229 2271 364 2335 refertur
386 2269 450 2351 (14)
476 2277 570 2355 atque
599 2270 632 2333 in
661 2269 882 2358 adumbrantia
903 2294 1025 2337 summa
1040 2273 1089 2351 ,fe-

66 2358 197 2440 ‘ueaa
219 2396 334 2460 agmen
356 2373 444 2438 auca
463 2372 547 2458 (aaa)

120 2506 246 2593 εἰρήνη
269 2505 303 2569 δ’
325 2505 390 2570 α’νοὶ
411 2509 471 2591 γῆν
491 2505 766 2590 κουροτρόφος,
796 2504 960 2570 οὐδέποτ’
984 2507 1090 2584 adnati

123 2610 282 2703 ἀργαλέον
302 2608 444 2692 πόλεμον
464 2610 657 2691 τεκμαίρεται
678 2605 822 2693 εὐρύοπα
842 2608 933 2683 Ζεύς.

78 2745 191 2830 Itaque
228 2764 350 2824 eorum,
388 2739 504 2831 quibus
539 2739 712 2824 praecipit,
748 2739 844 2802 etiam
879 2738 961 2804 illud
994 2746 1086 2828 parvi

79 2851 230 2913 interesse
268 2832 512 2912 consentaneum
542 2852 603 2924 est,
636 2865 711 2907 num
744 2852 888 2928 tempora
918 2849 1089 2931 praeterita

80 2954 198 3019 fuerint
224 2949 357 3016 meliora
386 2946 621 3037 praesentibus:
654 2947 730 3011 satis
755 2934 893 3029 babent,
924 2947 1009 3034 quod
1038 2950 1090 3013 vel

78 3057 175 3122 hodie
198 3056 336 3121 contenti
357 3056 467 3118 vivere
488 3061 627 3139 possunt.
670 3053 716 3117 Ut
745 3052 830 3115 enim
856 3051 1090 3118 multitudinem

79 3185 176 3249 saepe
196 3169 322 3248 premat
343 3161 460 3245 injuria
480 3160 666 3246 potentium,
690 3165 776 3221 certe
798 3156 852 3221 illa
872 3179 936 3222 non
957 3166 1005 3221 est
1025 3181 1089 3222 ma-

13 3288 19 3304 ‘
79 3268 146 3334 lum
174 3260 374 3345 inevitabile,
409 3263 466 3328 sed
496 3286 567 3351 spes
592 3263 735 3350 justitiae
770 3270 876 3326 manet
904 3257 982 3348 (225
1003 3266 1089 3350 sqq).

79 3371 204 3454 Quodsi
224 3367 385 3457 principes
406 3368 636 3455 rempublicam
656 3389 730 3432 cum
751 3367 870 3453 pietate
889 3375 984 3452 atque
999 3367 1090 3453 justi·

80 3476 127 3540 tia
154 3473 334 3559 gubernant
372 3480 404 3536 et
435 3470 613 3536 fecunditas
649 3469 801 3535 divinitm
819 3470 921 3534 ‘missa
949 3468 1089 3536 laborem

79 3579 242 3644 hominum
271 3567 427 3659 fortunat,
462 3578 489 3640 si
520 3577 656 3662 denique
687 3575 846 3661 agricolae
874 3574 1031 3644 industria
1059 3587 1091 3641 et

79 3683 273 3770 parsimonia
303 3680 345 3745 ad
375 3702 426 3744 ree
449 3701 618 3766 prosperas
645 3679 835 3766 perveniunt
865 3685 897 3740 ct
918 3677 1091 3742 concordes

81 3809 154 3852 cum
176 3787 240 3850 suis
270 3785 445 3871 vicinisque
474 3784 603 3847 vivamt:
629 3783 699 3869 jam
727 3780 806 3845 nihil
833 3781 873 3843 iis
903 3789 951 3845 est
967 3780 1090 3866 reliqui,

81 3888 168 3978 quod
190 3886 378 3953 desiderent
422 3887 494 3968 Quo
524 3888 623 3972 igitur
653 3885 868 3972 querimoniae
886 3885 949 3949 nisi
971 3883 1011 3948 de
1032 3884 1101 3948 ini-¹

80 3996 201 4083 quitata
217 3991 363 4079 judicum
377 3991 587 4080 periculisque
604 3991 692 4079 plebi
706 3991 794 4055 illinc
807 3979 1088 4077 impendentibus?

81 4121 159 4188 quas
180 4097 392 4184 querimonias
425 4118 562 4183 quonam
586 4097 660 4182 jure
682 4092 855 4160 Planckius
875 4102 968 4158 vocat
998 4095 1088 4175 „eine

30 4298 33 4304 Ι
79 4205 190 4305 tritbe,
218 4226 258 4268 an
289 4202 341 4267 die
364 4201 489 4269 Schelle
506 4200 682 4288 ¹gefesselte
710 4198 923 4266 Reflexion“?
972 4196 1088 4285 Aliqua

50 4320 53 4324 ,
795 4313 817 4376 4
825 4311 845 4354 ,ἓ
